1742 3094
150 335 181 361 w

150 944 181 971 13

149 1286 180 1312 14

197 214 282 257 626
657 216 698 255 L.
730 216 925 257 ANNAEI
957 217 1186 258 SENECAE

201 328 270 369 hac
294 327 524 382 quaestione
545 329 763 383 argumenti
792 343 910 371 causa
939 331 979 370 in
1003 330 1163 371 alteram
1194 336 1404 372 transeam.
1465 327 1633 382 Quaeri-

200 402 264 436 tur
290 395 391 436 enim
423 408 480 436 an
499 395 822 438 deliberaturus
847 398 903 439 sit
926 398 1127 452 sapiens,
1157 411 1215 439 an
1239 398 1282 439 in
1308 397 1534 439 consilium
1554 397 1634 438 ali-

198 476 318 517 quem
345 463 663 505 advocatmws:
693 465 794 519 quod
822 465 952 506 facere
975 465 1029 507 illi
1056 465 1324 507 necessarium
1351 472 1435 516 est,
1467 478 1554 506 cum
1587 465 1632 505 ad

200 531 294 573 haec
329 531 456 573 ciuilia
489 538 528 572 et
558 532 770 573 domestica
800 532 959 574 uenitur
988 540 1050 585 et,
1093 540 1136 574 ut
1164 533 1217 574 ita
1247 533 1396 585 dicam,
1439 531 1630 574 mortalia.

199 597 245 640 In
272 599 332 640 his
363 600 420 640 sic
443 599 498 640 illi
528 613 626 655 opus
659 606 720 640 est
753 599 882 641 alieno
912 601 1077 642 consilio
1107 601 1299 655 quomodo
1329 600 1507 650 medico,
1540 614 1633 654 quo·

198 667 314 708 modo
359 667 650 722 gubernatore,
695 667 888 721 quomodo
939 668 1129 709 aduocato
1179 675 1220 709 et
1263 668 1343 711 litis
1392 668 1630 709 ordinatore..

199 733 382 775 Proderit
404 748 499 790 ergo
533 735 688 790 sapiens
718 735 926 790 aliquando
947 735 1137 790 sapienti:
1171 735 1349 777 suadebit
1370 736 1490 777 enim.
1552 732 1632 776 Sed

199 804 238 843 in
260 802 335 843 illis
360 815 513 857 quoque
540 802 693 858 magnis
716 816 761 844 ac
790 798 958 855 diuinis,
990 810 1033 844 ut
1062 802 1256 854 diximus,
1289 802 1547 844 communiter
1565 800 1634 842 ho·

200 877 312 911 nesta
337 870 539 910 tractando
563 877 604 911 et
631 869 783 912 animos
809 870 1146 927 cogitationesque
1174 870 1374 912 miscendo
1404 870 1510 923 utilis
1537 869 1634 910 erit.

199 936 414 978 Praeterea
440 937 653 978 seclindum
679 945 858 979 naturam
885 945 947 980 est
974 945 1015 980 et
1036 939 1183 980 amicos
1207 938 1398 993 conplecti
1422 944 1463 979 et
1491 936 1635 979 amico·

199 1020 283 1046 rum
308 1012 398 1046 actu
419 1012 459 1046 ut
476 1019 548 1046 suo
570 1005 805 1061 proprioque
823 1006 977 1048 lactari.
1017 1005 1124 1048 Nam
1144 1006 1219 1047 nisi
1238 1006 1311 1047 hoc
1327 1005 1552 1057 fecerimus,
1585 1017 1634 1045 ne

198 1073 324 1114 uirtus
354 1072 508 1127 quidem
537 1072 652 1113 nobis
683 1074 927 1128 permanebit
960 1087 1059 1128 quae
1083 1074 1309 1115 exercendo
1337 1086 1381 1113 se
1408 1086 1483 1113 usu
1510 1071 1631 1113 ualet.

198 1139 334 1182 Uirtus
359 1146 491 1180 autem
511 1141 651 1182 suadet
670 1141 893 1196 praesentia
912 1141 1015 1182 benc
1037 1141 1260 1192 conlocare,
1291 1140 1333 1182 in
1349 1140 1518 1181 futurum
1541 1153 1634 1180 con-

198 1208 327 1266 sulere
341 1239 352 1259 ,
385 1203 603 1249 deliberare
625 1215 665 1249 et
677 1208 882 1250 intendere
905 1208 1101 1250 animum:
1132 1207 1284 1249 facilius
1311 1207 1489 1248 intendet
1509 1206 1635 1262 expli-

200 1275 379 1330 cabitque
408 1275 474 1330 qui
492 1275 661 1330 aliquem
681 1275 756 1317 sibi
781 1262 1058 1332 adsumliserit.
1119 1273 1288 1330 Quaerit
1309 1275 1440 1330 itaque
1461 1281 1529 1316 aut
1548 1286 1636 1329 per-

200 1345 342 1384 fectum
370 1343 497 1384 uirum
529 1350 597 1384 aut
625 1343 891 1398 proficientem
925 1344 1174 1399 uicinumque
1206 1343 1395 1399 perfeeto.
1453 1341 1638 1384 Proderit

199 1418 327 1453 autem
360 1411 426 1452 ille
456 1411 677 1467 perfectus,
719 1411 752 1452 si
778 1411 984 1453 consilium
1013 1410 1208 1453 communi
1239 1410 1443 1467 prudentia
1475 1410 1632 1452 iuuerit.

199 1479 326 1521 Aiunt
354 1479 532 1520 homines
553 1479 639 1535 plus
669 1479 712 1520 in
743 1479 874 1521 alieno
894 1479 1054 1535 negotio
1081 1480 1215 1521 uidere
1237 1493 1351 1534 quam
1374 1478 1418 1519 in
1435 1492 1531 1520 suo:
1560 1478 1635 1519 hoc

247 1579 299 1612 12.
324 1578 383 1612 1³4.
396 1599 439 1605 —
453 1591 501 1613 an
523 1586 601 1611 ante
623 1580 896 1614 deliberaturus.
941 1577 974 1613 4.
999 1582 1061 1618 (ξί.
1072 1600 1117 1605 ·—
1131 1582 1163 1616 (ξῖ
1175 1581 1229 1615 {Ru
1241 1582 1306 1616 §ma
1315 1595 1362 1608 =
1371 1581 1418 1613 in
1441 1569 1630 1613 exercendo

200 1625 292 1659 Pinc.
328 1625 368 1657 ci.
391 1639 438 1653 =
460 1636 508 1657 an
539 1625 802 1658 deliberaturus
831 1637 896 1658 sa·-

197 1672 303 1716 piens
327 1671 395 1711 sit,
432 1671 587 1715 aliquem
611 1671 650 1702 in
677 1671 802 1704 consil.
826 1671 897 1703 ad—

200 1728 274 1749 voc.
323 1715 406 1750 6,-
419 1716 463 1750 im
485 1730 531 1743 =
548 1716 601 1747 *an
618 1716 620 1718 ’
636 1716 898 1749 deliberaturus

202 1761 346 1806 sapiens
374 1762 413 1793 in
449 1761 635 1793 consilium
669 1761 821 1806 aliquem
848 1763 897 1794 sit

200 1809 326 1839 advoc.
363 1805 503 1851 ΒΖβιλχ
518 1810 554 1845 —l—
570 1813 605 1839 et
624 1807 764 1839 etiam
785 1815 824 1839 ut
845 1808 899 1839 iea

198 1853 328 1885 dicam.
727 1878 730 1880 Α

202 1943 231 1975 n
242 1896 567 1997 Ξέξὲξῗκῖῗξνῖ
578 1896 898 1978 3Ῠ’ἑ’ἑ”ἒ’ἐέω”“

203 1988 297 2020 Obss.
318 1988 453 2028 xvm,
480 1985 533 2019 23.
601 1987 663 2019 BG
682 1985 741 2020 Pl.
763 1985 796 2021 4.
823 1988 895 2021 Col.

202 2034 245 2065 Sa
256 2033 291 2068 θῖ
302 2050 350 2057 —-
359 2032 424 2077 ffllu
438 2047 485 2061 =
495 2031 695 2077 gubernato
704 2046 723 2066 r
731 2033 747 2065 i
767 2051 812 2058 —
835 2045 896 2067 or-

201 2078 389 2111 dinatori.
444 2077 476 2110 R
497 2091 542 2107 ==
562 2078 710 2123 sapiens
741 2090 765 2111 a
776 2078 814 2111 lt
823 2091 843 2112 e
852 2091 872 2112 r
881 2079 897 2112 i

202 2123 370 2169 sapienti.
415 2123 474 2159 {Ru
492 2137 541 2152 ==
561 2131 601 2156 ut
633 2124 814 2157 dicimus.
865 2125 896 2156 G

203 2169 290 2211 (sm)
310 2183 357 2196 =
377 2169 615 2214 cogitationes
635 2179 700 2201 om.
727 2181 804 2214 que.
851 2171 897 2203 &a

201 2212 259 2245 1³1.
283 2214 319 2248 {R
331 2231 376 2237 -
398 2214 521 2251 (ize-
532 2222 567 2246 et
594 2214 699 2246 anim
711 2225 731 2246 o
755 2216 898 2259 cogita—

199 2259 315 2290 tiones
337 2258 526 2292 miscendo.
888 2264 890 2266 '

249 2300 302 2335 13.
334 2302 364 2334 R
380 2307 415 2341 —l-
430 2305 627 2335 Praeterea
654 2310 698 2335 et
728 2303 893 2335 secundo.

203 2347 320 2382 Guxm
330 2365 375 2372 —
387 2348 421 2382 Β
433 2366 476 2373 —-
487 2355 527 2380 ut
548 2354 627 2390 post
647 2355 740 2380 actu.
787 2349 838 2389 αψ
847 2363 894 2376 =

202 2401 247 2426 et
269 2403 344 2426 suo.
390 2403 413 2436 η
425 2403 583 2425 =suos
602 2393 748 2438 proprio
771 2404 826 2425 ue.
863 2394 893 2427 2(

271 2449 418 2483 suoque
447 2437 604 2483 proprio.
650 2449 667 2471 ο
679 2438 746 2481 (sm
791 2453 836 2466 =
854 2446 894 2471 ug

200 2496 269 2562 5¹23-
291 2495 384 2562 {231²
393 2482 709 2564 'J'C‘Zriffiss'i'eff
729 2498 775 2548 ῗ
796 2484 894 2561 {53²3

199 2576 244 2607 si
267 2574 334 2607 hoe
381 2585 430 2607 ec.
477 2573 639 2609 (E—fflla
657 2587 702 2601 ==
724 2574 822 2607 Nam
850 2575 894 2607 si

200 2619 266 2652 hoc
297 2629 386 2652 non
417 2618 495 2665 fec.
550 2618 580 2651 R
600 2633 646 2646 =
665 2630 746 2652 nec
777 2620 894 2652 virtus

198 2664 352 2709 quidem.

245 2709 441 2743 exercendo
459 2721 499 2743 se
518 2720 585 2742 usu
596 2722 643 2738 =
654 2709 732 2744 13.
800 2709 891 2742 Pinc.

200 2765 251 2787 ex.
276 2754 382 2788 schol.
404 2756 449 2790 §m
462 2772 506 2781 ·-
517 2756 587 2792 51.
602 2758 638 2794 4-
653 2755 668 2787 i
676 2765 700 2786 n
722 2765 892 2787 exercen-

201 2799 247 2832 do
263 2811 303 2833 ee
325 2811 402 2833 usu.
449 2801 497 2834 Bu
511 2801 575 2833 Sac
587 2800 623 2835 {R
632 2799 721 2834 -Β
731 2814 778 2828 =
787 2812 893 2832 exer-

199 2845 309 2878 cendo
332 2857 351 2878 s
362 2857 410 2879 en
422 2857 439 2878 s
449 2857 483 2878 u.
532 2845 563 2878 G
572 2845 807 2889 γζηῦκπστφψ
823 2846 848 2878 P
862 2844 890 2877 1.

943 1637 962 1658 ε
971 1638 990 1658 e
999 1638 1021 1656 n
1031 1637 1050 1657 ε
1058 1637 1081 1658 u
1089 1639 1100 1657 .·
1124 1625 1270 1668 explieat
1290 1625 1397 1658 Ruhk.
1421 1624 1632 1669 „pn-udentia,

941 1670 1071 1703 ratione
1081 1695 1091 1711 ‚
1120 1671 1217 1711 *cuius
1257 1676 1334 1702 sunt
1366 1670 1515 1703 actiones
1551 1682 1634 1715 quae

941 1722 1132 1759 sequuntur.
1168 1714 1320 1758 Explicat
1341 1721 1456 1747 noster
1476 1726 1554 1748 mox
1573 1727 1634 1759 per

942 1760 999 1792 illa
1013 1772 1019 1792 ε
1057 1762 1090 1794 si
1113 1761 1286 1793 communi
1312 1761 1509 1806 prudentia
1530 1762 1633 1793 iuve-

943 1806 1032 1838 rit.⁴‘
1078 1805 1230 1850 ΒΖβειλο
1245 1820 1290 1834 --·-
1309 1805 1505 1838 exercendo
1521 1815 1632 1839 ‘sen-

943 1864 961 1884 s
973 1863 995 1883 u
1007 1851 1031 1885 i.
1078 1849 1136 1883 P2.
1149 1849 1182 1883 3.
1199 1850 1271 1883 Col.
1284 1866 1331 1880 ε
1343 1851 1391 1884 in
1402 1850 1450 1895 [ἲ]
1465 1851 1633 1884 exercen—

943 1897 989 1929 do
1010 1907 1029 1928 s
1038 1908 1057 1928 e
1066 1908 1090 1928 n
1098 1909 1117 1929 ,ς
1126 1907 1149 1928 u
1159 1896 1184 1929 i.
1233 1897 1296 1928 Sw.
1314 1902 1412 1940 putat
1440 1897 1635 1930 exercendo

942 1953 981 1974 se
992 1952 1033 1973 ex
1053 1948 1166 1973 vetere
1189 1941 1317 1974 scholio
1334 1941 1504 1985 irrepsisse
1518 1954 1525 1974 :
1549 1941 1634 1975 scri-

939 1993 1035 2031 ptum
1067 1986 1251 2031 oportuisse
1281 1993 1339 2020 aut
1366 1988 1561 2020 exercendo
1589 2000 1610 2019 e
1619 1996 1633 2020 ι

941 2044 1007 2064 usu
1025 2038 1083 2064 aut
1103 2033 1297 2066 exercendo
1314 2043 1354 2065 se
1371 2044 1460 2078 usuq
1470 2044 1532 2067 ue.

986 2075 1040 2110 14.
1075 2076 1184 2123 ΒΖβπ
1193 2092 1240 2105 =
1251 2080 1369 2121 Quaer
1378 2085 1420 2111 et
1443 2078 1472 2111 it
1520 2090 1574 2111 ue.
1603 2076 1632 2109 R

944 2123 1004 2167 (cr.
1019 2122 1071 2165 ω)
1086 2131 1204 2156 =auc
1222 2135 1276 2168 pr
1286 2122 1457 2167 oseceum.
1527 2124 1633 2157 αιλ---

942 2168 1163 2212 vicinumque
1177 2180 1205 2213 p
1214 2180 1234 2200 r
1244 2167 1376 2213 osec-to.
1400 2168 1429 2202 21
1438 2182 1484 2197 a
1494 2169 1528 2201 si
1545 2179 1633 2201 con·-

942 2212 1062 2245 silium
1094 2223 1152 2244 an
1162 2220 1176 2244 t
1187 2225 1207 2245 e
1224 2213 1431 2258 prudentia.
1477 2213 1630 2258 G(cr.m)

941 2258 1166 2294 {R—(Sl.=
1179 2257 1342 2291 iuveris.
1378 2258 1514 2292 R=in
1532 2258 1633 2292 alio

942 2303 1097 2347 negotio.

984 2347 1109 2380 videre
1131 2359 1263 2393 quam
1297 2347 1343 2380 in
1371 2358 1450 2381 suo
1467 2363 1514 2378 =
1531 2348 1560 2382 R

937 2391 1028 2424 Pinc.
1052 2391 1300 2425 emaculatiores
1321 2392 1418 2426 codd.
1434 2394 1493 2430 ’κδ
1503 2394 1607 2430 -ε,

938 2437 998 2469 BG
1014 2436 1072 2470 Pl.
1087 2438 1225 2473 §Ji—58
1247 2453 1293 2466 =
1314 2439 1438 2472 videre
1468 2440 1628 2472 initio.

938 2483 1018 2515 Hoc
1036 2482 1110 2527 [Pl.
1122 2497 1169 2511 =
1180 2483 1269 2528 hic]
1293 2483 1381 2516 illis.
1428 2485 1455 2526 ψ
1465 2485 1528 2523 ξι,
1539 2488 1572 2523 2,
1583 2498 1631 2514 ==

938 2528 1072 2561 videre.
1118 2528 1252 2562 Vitio
1275 2528 1339 2561 hoc
1358 2528 1445 2562 illis.
1481 2528 1631 2576 Ζβιλστχ

939 2571 999 2606 1²2.
1014 2572 1047 2606 3.
1070 2573 1141 2607 Col.
1158 2578 1193 2612 —l-
1211 2572 1335 2606 videre
1357 2574 1402 2606 in
1413 2574 1429 2606 i
1436 2574 1476 2607 ti
1485 2586 1505 2607 o
1526 2586 1630 2621 quam

939 2619 978 2651 in
1002 2629 1076 2651 suo.
1118 2630 1142 2660 η
1153 2634 1198 2648 =
1211 2619 1341 2651 videre.
1385 2620 1423 2653 V
1428 2620 1444 2653 i
1449 2627 1464 2652 t
1475 2619 1518 2652 io
1539 2619 1626 2654 illis.

938 2665 1013 2708 γδει
1026 2663 1071 2708 (7)
1085 2665 1103 2698 λ
1116 2663 1160 2709 (7)
1172 2675 1198 2708 φ
1216 2679 1261 2692 =
1279 2665 1433 2710 negotio.
1466 2663 1513 2697 in
1524 2665 1584 2697 iti
1595 2676 1627 2698 0.

939 2710 1018 2741 Hoc
1036 2709 1124 2742 illis.
1170 2721 1196 2744 π
1210 2713 1245 2749 4-
1263 2710 1386 2742 videre
1412 2709 1460 2742 in
1482 2709 1629 2743 initio

939 2766 1044 2799 quam
1078 2755 1116 2787 in
1149 2766 1221 2787 suo.
1269 2765 1286 2789 ο
1308 2758 1343 2793 -Ι-
1395 2765 1475 2787 uam
1501 2755 1539 2788 in
1566 2767 1629 2788 suo

937 2800 1099 2832 initio.
1137 2799 1308 2833 P4.=2·n
1327 2810 1350 2832 a
1384 2799 1492 2844 iquo
1514 2811 1627 2847 nego-

938 2845 989 2878 tio
1006 2844 1132 2878 videre
1154 2845 1200 2878 in
1209 2846 1226 2879 i
1233 2853 1249 2879 t
1258 2845 1273 2877 i
1279 2855 1311 2878 ο.
1359 2844 1424 2878 hoc
1444 2845 1532 2879 illis.
