1742 3094
189 178 273 223 504
646 179 691 220 L.
721 178 918 219 ANNAEI
949 178 1178 219 SENECAE

142 307 176 333 ω)
195 292 441 335 Aduocatum
464 292 540 335 ista
558 307 636 334 non
657 299 864 348 quaerunt.
923 292 1096 333 adfectus
1116 290 1223 346 ipsos
1243 296 1407 346 tangunt
1431 297 1471 332 et
1489 297 1628 332 natura

196 362 272 402 uim
304 375 414 402 suam
455 368 669 403 exercente
709 360 930 416 proficiunt.
992 357 1177 400 Omnium
1215 358 1468 400 honestarum
1496 373 1628 400 rerum

191 429 343 470 semina
376 429 495 470 animi
527 435 669 484 gerunt
698 442 795 483 quae
823 427 1086 473 admonitione
1119 426 1366 478 excitantur,
1413 441 1492 468 non
1513 428 1628 468 aliter

191 511 303 551 quam
339 497 506 538 scintilla
538 497 629 538 flatu
658 497 736 538 leui
759 496 892 536 adiuta
917 494 1047 550 ignem
1071 509 1182 535 suum
1205 494 1389 550 explicat.
1450 493 1628 550 Erigitur

191 565 315 605 uirtus
333 597 343 616 ‚
373 580 459 606 cum
487 571 590 605 tacta
613 571 674 605 est
700 571 740 605 et
757 563 923 619 inpulsa.
981 561 1195 603 Praeterea
1220 563 1408 617 quaedam
1432 570 1523 604 sunt
1543 563 1627 618 qui-

189 632 277 673 dem
299 633 339 674 in
364 633 518 684 animo,
560 632 629 674 scd
655 645 789 687 parum
812 637 1012 686 prompta,
1059 644 1157 684 quae
1167 630 1362 686 incipiunt
1381 630 1421 671 in
1442 631 1627 686 expedito

192 715 310 751 esse,
357 715 443 741 cum
480 701 580 741 dicta
610 707 715 740 sunt.
786 697 984 752 Quaedam
1018 697 1185 738 diuersis
1214 697 1311 739 loeis
1340 698 1469 739 iacent
1492 713 1628 754 sparsa

144 783 178 808 zo
194 782 293 822 quae
317 768 549 809 contrahere
573 766 836 808 inexercitata
856 779 967 806 mens
988 779 1067 805 non
1088 771 1230 820 potest.
1290 763 1427 820 Itaque
1444 765 1485 806 in
1507 782 1628 808 unum

191 836 425 877 eonferenda
447 843 538 876 sunt
559 842 597 876 et
618 834 815 890 iungenda
829 866 840 885 ‚
883 840 926 874 ut
948 833 1033 888 plus
1056 833 1216 873 ualeant
1238 832 1484 888 animumque
1502 835 1628 890 magis

190 903 388 944 adleuent.
448 902 533 944 Aut
551 903 583 944 si
604 909 810 959 praecepta
830 901 923 942 nihil
941 901 1150 952 adiuuant,
1194 900 1321 942 omnis
1338 901 1532 943 institutio
1555 903 1629 944 tol-

190 971 304 1011 lenda
327 978 412 1023 cst,
454 971 536 1027 ipsa
559 978 698 1012 natura
726 969 900 1011 contenti
920 982 1011 1010 esse
1039 969 1241 1010 debemus.
1302 968 1389 1010 Hoc
1410 970 1474 1024 qui
1497 970 1630 1012 dicunt

189 1052 267 1079 non
295 1039 430 1080 uident
455 1039 572 1080 alium
600 1038 749 1093 ingenii
779 1051 866 1078 esse
894 1036 1047 1077 mobilis
1072 1043 1111 1077 et
1138 1036 1284 1088 erecti,
1323 1037 1444 1078 alium
1465 1038 1565 1079 tardi
1588 1045 1628 1080 et

189 1106 365 1158 hebetis,
410 1107 543 1161 utique
573 1106 690 1146 alium
713 1105 790 1146 alio
813 1103 1136 1159 ingeniosiorem.
1174 1102 1351 1158 >Ingenii
1381 1105 1440 1146 uis
1466 1119 1628 1161 praece-

189 1174 264 1228 ptis
289 1174 406 1215 alitur
425 1181 466 1215 et
486 1174 630 1215 erescit
650 1186 851 1227 nouasque
878 1170 1157 1227 persuasiones
1187 1171 1305 1212 adicit
1330 1172 1474 1214 innatis
1499 1179 1539 1214 et
1560 1174 1627 1215 de-

138 1259 166 1284 31
189 1250 352 1297 prauala
379 1242 555 1296 corrigit.
617 1239 805 1295 Siquis,
844 1238 994 1293 inquit,
1032 1252 1118 1280 non
1138 1238 1264 1280 habet
1285 1245 1407 1280 recta
1433 1240 1628 1293 dem-eta,

188 1311 292 1365 qnid
323 1311 442 1352 illum
480 1309 794 1351 admonitiones
828 1305 1035 1350 iuuabunt
1068 1307 1187 1348 initiis
1215 1306 1483 1362 obligatum?
1540 1307 1628 1350 Hoc

187 1378 360 1430 scilicet,
407 1385 450 1419 ut
475 1377 552 1419 illis
585 1377 788 1418 liberetur.
849 1373 947 1416 Non
977 1374 1080 1415 enim
1108 1375 1306 1416 exstincta
1323 1375 1363 1416 in
1381 1375 1458 1416 illo'
1476 1375 1628 1418 indoles

186 1446 373 1487 naturalis
405 1453 492 1497 est,
536 1445 604 1487 sed
638 1444 846 1486 obscurata
874 1448 915 1483 et
937 1442 1150 1500 obpressa:
1198 1443 1254 1484 sic
1284 1457 1436 1498 quoque
1466 1450 1628 1500 temptat

185 1527 397 1568 resurgere
429 1520 467 1554 et
490 1519 627 1554 contra
661 1525 783 1568 praua
815 1510 976 1551 nititur:
1024 1518 1167 1551 nancta
1197 1524 1292 1552 uero
1323 1511 1559 1566 praesidium
1587 1519 1628 1553 et

185 1582 317 1623 adiuta
348 1581 567 1636 praeceptis
599 1578 802 1621 eualescit.
863 1577 898 1618 si
918 1584 1048 1618 tamen
1080 1578 1185 1618 illam
1222 1577 1369 1619 diutina
1398 1579 1518 1634 pestis
1546 1594 1626 1621 non

184 1649 341 1701 infecit,
389 1662 461 1690 nec
484 1647 663 1689 enecuit:
710 1646 810 1687 hanc
840 1644 944 1685 enim
967 1657 1018 1685 ne
1039 1644 1240 1700 disciplina
1270 1646 1423 1700 quidem
1455 1647 1626 1702 philoso-

137 1728 171 1756 ³2
189 1717 300 1773 phiae
323 1723 404 1758 toto
421 1716 554 1772 inpetu
572 1729 643 1756 suo
664 1713 828 1756 connisa
847 1711 1044 1753 restituet.
1093 1711 1196 1766 Quid
1217 1712 1318 1753 enim
1342 1713 1509 1754 interest
1524 1715 1628 1756 inter

188 1786 345 1826 decreta
364 1783 630 1840 philosophiae
650 1789 690 1823 et
713 1786 920 1837 praecepta
934 1810 946 1831 ,
978 1779 1056 1820 nisi
1077 1780 1179 1835 quod
1203 1780 1270 1821 illa
1295 1782 1492 1836 generalia
1515 1796 1627 1838 prae-

929 1870 1098 1904 vitiosis
1123 1869 1327 1915 obligatum.
1353 1872 1442 1915 quod
1465 1872 1624 1906 examina.

228 1874 284 1909 29.
319 1878 345 1908 Β
367 1874 444 1921 (n.)
465 1889 511 1904 =
533 1882 567 1907 et
601 1881 777 1906 naturan
811 1870 883 1904 vim

931 1916 1049 1958 G(soe)
1069 1915 1142 1948 fere
1162 1927 1275 1948 omnes
1289 1928 1327 1960 ρρ
1354 1915 1413 1949 Pl.
1433 1917 1494 1951 P3.
1517 1919 1624 1962 (p.m.)

184 1934 296 1960 suam.
342 1922 372 1954 R
397 1925 431 1960 -Ι-
447 1920 692 1954 admonitione
723 1930 745 1950 α
758 1916 883 1949 nimi.

184 1968 229 1999 sR
241 1968 380 2012 βιλοφῖί
398 1971 433 2005 -l-
451 1977 555 2011 quam
576 1965 616 1998 si
640 1963 813 1997 scintilla.
853 1961 884 1994 G

184 2028 230 2041 Ξ
256 2014 392 2045 Exitu
404 2025 423 2044 r
459 2012 586 2044 virtus.
633 2011 659 2041 B
674 2010 733 2053 (cr.
750 2007 802 2051 ω)
838 2019 857 2040 e
869 2014 884 2039 t

183 2059 265 2104 plus
287 2058 443 2091 valeant.

229 2103 285 2136 30.
313 2102 404 2136 GPl.
418 2101 451 2136 3.
464 2098 497 2134 4.
514 2100 584 2133 Col.
599 2100 633 2135 {R
645 2117 692 2124 --
704 2100 768 2137 (ἰῖ.
780 2114 826 2127 -=
839 2108 884 2130 α·-

184 2149 316 2180 nimum
354 2161 376 2193 q
387 2160 410 2180 u
422 2160 441 2180 o
451 2160 472 2192 q
482 2159 504 2179 u
515 2159 534 2178 e
567 2146 697 2190 magi-5.
755 2145 817 2179 ὦῶ
838 2157 884 2172 =

185 2194 342 2224 animum
367 2195 485 2237 magis
505 2202 571 2223 om.
595 2202 671 2235 que.
717 2188 803 2221 Rell.
828 2193 884 2220 et·-

183 2238 249 2270 iam
275 2237 366 2270 Pinc.
385 2250 434 2269 ω.
484 2237 517 2270 {R
539 2250 585 2264 =
608 2234 704 2267 nillil
730 2234 884 2266 adiuve-

187 2284 264 2315 rin
276 2291 301 2315 t.
352 2282 382 2314 G
398 2283 456 2326 (cr.
474 2280 526 2322 ω)
542 2281 570 2312 R
584 2277 883 2322 αγζῇικλΠσ-τυφῴ

185 2327 245 2363 Pl.
257 2327 289 2362 3.
306 2327 375 2360 Col.
390 2328 425 2362 {R
439 2345 484 2352 --
497 2326 562 2362 (32.
573 2340 619 2353 ==
631 2325 707 2356 aliu
719 2323 743 2354 d
778 2324 883 2368 inges-

186 2374 259 2406 niu
272 2386 306 2405 m
335 2384 413 2405 esse
434 2371 457 2404 h
469 2382 488 2402 ο
500 2383 531 2402 m
541 2371 588 2402 in
599 2370 638 2404 is
660 2367 798 2401 mobilis
811 2366 883 2411 [ζΙΙ

186 2431 264 2451 =n
276 2430 296 2451 ο
308 2417 406 2462 bilis]
426 2430 459 2448 ω
477 2415 589 2448 aliud
613 2413 724 2447 tardi.
764 2410 823 2445 P4.
838 2426 882 2441 ==

186 2476 256 2497 non
296 2465 419 2497 vident
451 2461 654 2505 ingenium
688 2471 765 2491 esse
801 2458 885 2490 lio-

189 2509 334 2543 minis
368 2507 507 2542 mobilis
547 2514 581 2540 et
622 2505 732 2538 erecti
764 2503 849 2536 aliu
861 2502 886 2535 d

187 2555 298 2589 tardi.

232 2602 318 2634 aliu
329 2612 363 2632 m
387 2598 461 2632 alio
481 2595 702 2642 ingeniosior
714 2607 732 2626 e
742 2597 780 2626 ιη’
794 2609 839 2622 =
858 2594 884 2624 B

188 2658 222 2690 ιχ
231 2644 290 2678 Ρ2.
311 2644 403 2678 Pinc.
427 2645 491 2676 Sao
509 2643 588 2678 1&
659 2640 718 2672 GR
733 2637 791 2672 Pl.
806 2638 837 2672 3.
850 2636 883 2671 4.

189 2690 260 2723 Col.
282 2691 317 2725 {R
329 2691 451 2724 -ἱῡῖα
472 2704 518 2717 =
537 2687 620 2721 aliu
633 2698 651 2720 ,ς
679 2685 754 2718 alio
777 2685 885 2730 inge-

188 2736 284 2769 niosi
294 2747 342 2767 or
366 2743 431 2767 est.

232 2779 288 2814 31.
314 2779 544 2824 R(sm)==Si
567 2778 657 2824 quis,
680 2774 820 2821 inquis.
854 2773 886 2806 G

191 2826 278 2871 (sm)
290 2841 336 2856 ==
350 2833 423 2859 rect
436 2838 454 2858 e
479 2825 633 2858 decreta.
679 2823 760 2866 Βγει
771 2831 823 2854 mo
839 2834 885 2848 =

928 1959 977 1994 P4
1002 1962 1037 1996 {R
1049 1979 1096 1985 -
1109 1963 1172 1998 (32.
1186 1980 1229 1986 —
1243 1962 1320 1994 illis
1342 1969 1420 1995 ante
1446 1962 1627 1996 liberetur.

928 2005 1018 2039 RP3.
1034 2007 1130 2049 (sm.)
1147 2010 1182 2045 -Ι-
1197 2014 1236 2038 ut
1264 2006 1432 2039 liberetur
1459 2020 1482 2040 α
1494 2008 1514 2040 b
1535 2009 1625 2042 illis.

927 2051 1013 2083 Rell.
1048 2051 1148 2084 etiam
1168 2051 1259 2084 Piuc.
1287 2065 1337 2084 ω.
1384 2054 1410 2084 Β
1426 2055 1483 2097 (cr.
1503 2054 1556 2098 ω)
1581 2069 1626 2083 =

930 2096 1082 2130 exstinct
1094 2109 1123 2130 o.
1172 2097 1291 2140 G(soe·)
1302 2113 1348 2126 =
1359 2098 1481 2130 obscur
1490 2112 1524 2132 a.

975 2153 1022 2174 na
1033 2153 1057 2173 n
1067 2150 1126 2174 cta
1155 2151 1208 2174 esc
1230 2158 1276 2171 =
1300 2145 1342 2174 Sa
1355 2144 1402 2179 Ξ.
1471 2145 1498 2175 Β
1521 2144 1625 2188 (certe

928 2186 963 2218 in
986 2197 1025 2218 eo
1048 2186 1129 2219 nihil
1146 2186 1236 2219 aliud
1255 2187 1337 2228 vidi)
1361 2187 1421 2220 GR
1432 2188 1626 2224 Ἡθὶ-Ἧΐα

929 2246 975 2260 =
985 2243 1007 2263 n
1017 2243 1040 2263 a
1050 2239 1108 2263 cta
1130 2240 1194 2264 esc.
1219 2231 1286 2263 vid.
1308 2231 1520 2266 Nanciscor.

975 2289 994 2308 e
1007 2287 1027 2308 ν
1037 2277 1164 2309 alescii
1183 2292 1229 2306 ---
1253 2279 1277 2309 Β
1289 2279 1352 2310 Sac
1371 2279 1447 2313 ΧΞ.
1518 2279 1579 2312 GR
1589 2280 1624 2314 θῖ

928 2340 973 2345 -
986 2322 1049 2355 {ma
1060 2337 1106 2351 ==
1118 2335 1137 2354 c
1147 2333 1166 2354 o
1177 2322 1363 2356 nvalescit.
1410 2323 1500 2356 Piuc.
1524 2324 1564 2357 ci.
1579 2340 1625 2353 =

930 2366 964 2399 si
987 2374 1001 2398 ι
1011 2378 1033 2398 α
1045 2379 1067 2399 n
1078 2375 1092 2398 t
1105 2379 1127 2398 u
1137 2379 1170 2398 m
1193 2368 1262 2400 illa
1287 2367 1440 2401 diutina.

975 2423 998 2443 n
1011 2423 1029 2442 ο
1041 2425 1063 2444 n
1087 2411 1215 2458 infecit
1235 2424 1260 2445 n
1271 2426 1289 2445 e
1299 2426 1319 2446 c
1342 2415 1479 2447 enecuit
1488 2429 1534 2443 =
1545 2426 1623 2447 mss.

931 2456 1031 2490 etiam
1057 2458 1114 2491 Gr.
1145 2457 1215 2502 (1³2.
1238 2474 1283 2487 =
1303 2457 1430 2503 esec-it)
1452 2460 1487 2494 {R
1499 2479 1542 2485 —
1555 2461 1623 2498 &20

932 2504 1002 2538 (5Υο
1013 2522 1054 2527 -
1069 2504 1118 2538 (ὅ.
1186 2505 1245 2536 Ex.
1267 2504 1454 2538 scholarum
1472 2505 1626 2537 Salinen-

930 2546 987 2579 tic.
1013 2548 1105 2584 'XC-5&
1116 2561 1250 2582 -ι-ηοη.
1284 2550 1327 2584 Ἧῖ
1336 2569 1381 2576 --
1390 2551 1446 2584 Σέ4.
1459 2565 1503 2579 ==
1511 2551 1626 2594 pestis

930 2591 1070 2636 infecit,
1095 2605 1117 2626 n
1130 2605 1183 2626 on
1206 2595 1354 2627 enecuit.
1404 2595 1498 2639 G(u.)
1515 2594 1573 2628 Pl.
1588 2593 1622 2628 3.

934 2642 969 2677 -1-
985 2650 1029 2671 ne
1054 2638 1108 2671 de
1131 2639 1325 2684 disciplina
1347 2640 1497 2684 quidem.

975 2685 1109 2718 connis·
1119 2697 1142 2717 a
1155 2700 1199 2714 =
1212 2685 1288 2721 ΒΞ.
1357 2684 1418 2717 GR
1429 2685 1493 2720 'Isffi
1502 2701 1549 2710 -·
1560 2684 1624 2720 mla

930 2744 976 2758 =
992 2731 1127 2762 connix
1136 2743 1171 2764 α.

975 2773 1031 2807 32.
1066 2775 1096 2807 G
1110 2775 1243 2810 —nisi
1260 2774 1353 2822 quod
1372 2774 1441 2808 illa
1467 2786 1625 2820 genera-

932 2819 984 2853 lia
1000 2829 1208 2867 praecepta.
1605 2836 1609 2841 ’
