1742 3094
188 213 273 259 598
638 217 683 259 L.
714 216 910 259 ANNAEI
940 217 1171 260 SENECAE

155 345 172 371 ³
189 334 399 384 pugnatur.
459 324 581 386 Spem
614 328 866 387 inproborum
906 330 1075 383 uitabis,
1119 331 1154 372 si
1186 328 1282 372 nihil
1308 328 1492 371 habueris
1521 328 1622 384 quod

187 395 439 452 cupiditatem
457 397 623 440 alienam
646 405 686 440 et
706 398 910 455 inprobam
932 399 1091 451 inritet,
1131 398 1166 440 si
1187 398 1284 440 nihil
1307 397 1462 453 insigne
1486 411 1623 454 posse-

187 463 310 506 deris.
365 463 708 521 Concupiscuntur
728 467 830 508 enim
849 467 1036 523 insignia,
1069 467 1183 509 etiam
1201 466 1236 508 si
1253 480 1390 523 parum
1403 472 1496 508 nota
1515 472 1620 507 sunt.

187 528 258 573 Sic
280 544 378 575 uero
398 532 583 576 inuidiam
605 535 770 590 effugies
785 566 796 587 ‚
829 534 863 576 si
883 541 922 577 te
943 550 1024 577 non
1046 535 1262 591 ingesseris
1285 535 1408 576 oculis
1422 565 1434 586 ‚
1467 533 1503 576 si
1522 533 1625 576 bona

158 610 173 636 4
193 605 260 641 tua
289 615 369 642 non
395 601 605 644 iaetaueris
621 634 632 654 ‚
679 603 714 644 si
736 603 875 644 scieris
894 603 935 644 in
958 603 1047 644 sinu
1078 604 1265 658 gaudere.
1327 600 1471 644 Odium
1496 608 1625 644 autem

187 679 240 708 ex
260 669 413 710 offensa
435 670 508 711 hoc
530 670 673 712 uitabis
688 700 699 721 ‚
741 670 937 712 neminem
963 671 1195 712 lacessendo
1220 670 1413 726 gratuito:
1445 684 1469 712 a
1486 684 1561 725 quo
1585 676 1624 710 te

186 747 329 777 sensus
351 738 568 779 eommunis
592 737 780 780 tuebitur.
840 734 936 781 Fuit
958 738 1032 780 hoe
1053 738 1183 780 multis
1207 738 1495 794 periculosum:
1541 737 1625 792 qui-

187 802 274 843 dam
293 804 423 845 odium
451 805 672 847 habuerunt
690 820 763 847 nec
782 806 996 849 inimicum.
1057 804 1156 848 Illud
1171 837 1182 858 ,
1214 820 1265 848 ne
1283 805 1481 856 timearis,
1512 818 1624 860 prae-

187 870 307 912 stabit
327 870 396 913 tibi
417 879 457 915 et
479 874 660 915 fortunae
690 873 941 916 mediocritas
963 882 1004 916 et
1021 874 1171 930 ingenii
1191 873 1349 918 lenitas.
1409 872 1513 915 Eum
1535 886 1625 914 esse

187 944 226 979 te
248 938 426 982 homines
447 940 574 983 sciant
598 954 711 997 quem
736 943 937 984 offendere
957 942 1043 984 sine
1067 942 1240 999 periculo
1267 942 1441 999 possint:
1486 955 1626 983 recon-

187 1003 334 1049 ciliatio
354 1015 420 1050 tua
440 1016 480 1051 et
499 1010 623 1052 facilis
643 1011 695 1053 sit
714 1017 754 1052 et
775 1015 899 1052 certa.
961 1007 1115 1052 Timeri
1135 1015 1263 1052 autem
1284 1016 1361 1052 tam
1381 1009 1483 1051 domi
1504 1009 1625 1050 mole-

156 1089 174 1115 5
191 1081 294 1116 stum
316 1083 378 1118 est
409 1091 521 1133 quam
551 1079 647 1119 foris
661 1110 672 1131 ‚
715 1085 793 1119 tam
815 1092 837 1119 a
858 1078 985 1121 seruis
1019 1092 1133 1133 quam
1154 1092 1177 1119 a
1199 1077 1348 1119 liberis.
1408 1076 1519 1119 Nulli
1546 1091 1625 1118 non

185 1143 235 1184 ad
254 1144 474 1187 nocendum
497 1143 592 1188 satis
613 1146 755 1188 uirium
778 1153 853 1190 est.
914 1144 1041 1189 Adice
1063 1160 1166 1188 nunc
1186 1145 1288 1201 quod
1313 1145 1378 1200 qui
1400 1144 1559 1188 timetur
1578 1144 1626 1187 ti-

185 1216 292 1253 metz
325 1225 441 1255 nemo
462 1213 588 1269 potuit
610 1213 794 1256 terribilis
814 1227 903 1255 esse
921 1227 1079 1255 secure.
1140 1211 1399 1270 Contemptus
1418 1220 1621 1268 superest:

185 1278 296 1321 ouius
319 1281 475 1323 modum
494 1281 534 1323 in
562 1295 633 1325 sua
655 1287 851 1338 potestate
874 1280 993 1323 habet
1010 1281 1075 1337 qui
1095 1281 1203 1323 illum
1225 1280 1300 1323 sibi
1320 1279 1527 1332 adiunxit,
1560 1281 1625 1336 qui

184 1347 448 1398 contemnitur
469 1348 558 1405 quia
582 1349 731 1402 uoluit,
764 1364 844 1391 non
867 1349 957 1406 quia
982 1349 1128 1392 debuit.
1188 1347 1315 1392 Huius
1338 1348 1626 1391 incommodum

187 1419 228 1456 et
247 1420 354 1458 artes
388 1416 516 1459 bonae
552 1416 766 1459 discutiunt
788 1425 828 1460 et
851 1417 1048 1458 amicitiae
1081 1431 1218 1459 eorum
1242 1416 1307 1472 qui
1328 1415 1427 1473 apud
1457 1416 1625 1471 aliquem

184 1490 382 1537 potentem
403 1489 583 1541 potentes
604 1492 709 1538 sunt,
740 1485 877 1541 quibus
897 1484 1082 1540 adplicari
1101 1484 1300 1541 expediet,
1333 1499 1413 1525 non
1430 1483 1622 1539 inplicari,

153 1561 171 1588 6
187 1563 239 1592 ue
261 1552 384 1607 pluris
411 1553 628 1595 remedium
652 1567 766 1609 quam
791 1552 1006 1609 periculum
1042 1559 1210 1594 constet.
1269 1551 1382 1594 Nihil
1406 1558 1536 1593 tamen
1559 1565 1625 1594 ae-

187 1629 261 1673 que
282 1617 458 1674 proderit
480 1635 595 1676 quam
616 1621 820 1675 quiescere
842 1627 881 1661 et
901 1620 1101 1662 minimum
1127 1633 1214 1662 cum
1234 1618 1320 1661 aliis
1342 1619 1473 1674 loqui,
1506 1619 1625 1675 pluri-

185 1699 289 1727 mum
320 1700 470 1729 secum.
530 1687 608 1729 Est
637 1688 823 1744 quaedam
862 1687 1023 1729 dulcedo
1064 1687 1258 1729 sermonis
1287 1700 1385 1742 quae
1414 1687 1558 1743 inrepit
1585 1694 1626 1729 et

184 1754 384 1797 blanditur
403 1763 444 1797 et
465 1770 544 1800 non
567 1756 683 1798 aliter
704 1770 817 1811 quam
839 1755 1010 1798 ebrietas
1033 1760 1100 1798 aut
1122 1768 1233 1797 amor
1254 1761 1410 1797 secreta
1430 1755 1622 1810 producit.

229 1852 265 1890 3.
288 1855 349 1890 Ex·
360 1853 527 1893 Francisc.
541 1856 828 1904 zcupiditatem
851 1865 885 1893 et

183 1902 535 1982 ἷζεειηρενίσηι.
582 1915 606 1947 η
625 1922 673 1929 -
694 1912 728 1937 et
761 1903 885 1950 inpro—

231 1960 276 1981 m.

231 1994 534 2040 Concupiscuntur
551 1994 647 2028 enim
667 1994 682 2028 i
689 2005 712 2028 n
722 2004 739 2027 s
749 1994 764 2027 i
773 2006 799 2039 g
808 2005 831 2026 n
841 1993 856 2025 i
861 2004 886 2026 a

185 2052 232 2070 ==
243 2038 415 2085 Rzssxffl.
436 2058 480 2066 -··
494 2041 542 2078 Ε·
611 2040 672 2072 BG
681 2039 752 2072 rell.
768 2049 806 2082 ρρ
820 2039 884 2075 ’ὶίξῆ

184 2099 232 2110 ·-··
257 2085 285 2119 (ξ
300 2091 332 2123 1.
355 2103 400 2114 --
430 2085 607 2132 insignia.
666 2086 692 2117 B
711 2100 756 2113 ==
777 2084 885 2118 etiam

180 2141 301 2174 pars
341 2131 391 2163 in
437 2132 678 2165 notarium
712 2138 806 2164 sunt.
854 2128 885 2162 G

188 2175 247 2218 (cr.
255 2174 308 2218 ω)
318 2191 364 2204 ==
372 2186 501 2220 parum
521 2177 570 2222 ig
581 2184 666 2209 nota
681 2183 775 2208 sunt.
801 2174 830 2208 R
839 2189 885 2202 =

183 2230 312 2264 parum
335 2229 421 2254 nota
450 2222 494 2254 si
504 2233 527 2253 n
538 2230 563 2254 ι.
610 2218 884 2260 ΒΟαΒκοπτυψΖ

183 2264 220 2299 {R
241 2283 284 2290 -
307 2265 336 2299 (ξ
348 2268 381 2302 1.
401 2280 447 2294 =
470 2267 530 2299 Sic
555 2278 607 2300 ra
617 2278 636 2298 r
648 2277 668 2298 ο
692 2264 882 2298 invidiam.

183 2310 408 2354 βγδζηιλσ--ν
422 2322 516 2344 vero.
551 2317 644 2345 recte
656 2335 665 2350 ‚
689 2315 727 2342 ut
751 2308 882 2353 opinor.

185 2355 205 2394 ζ
230 2358 266 2394 4-
290 2365 361 2388 non
389 2355 674 2391 immittet-is
707 2362 787 2389 aut
822 2354 882 2386 in-

182 2400 354 2445 gesseris.

228 2455 263 2490 4.
287 2456 312 2489 Ιι
324 2466 372 2489 οι·
394 2455 528 2490 vitabis
539 2469 585 2484 ε
594 2454 808 2499 Βθαγδῗᾶκτυ
819 2455 883 2486 Sac

183 2500 250 2538 ’ὶίῧὶ
260 2519 308 2529 -·
316 2502 400 2540 285.
469 2499 733 2548 ΒΖβηιλοπσφῲ
755 2504 789 2539 ÷
817 2499 884 2531 hoc

186 2547 316 2580 modo
337 2546 483 2582 vitabis.
525 2555 670 2591 tp=et
693 2544 883 2588 offensam

185 2591 331 2627 vitabis.
377 2591 509 2637 Rham.)
530 2593 658 2630 (81.—
667 2591 731 2625 ‘Ru
752 2605 798 2620 -—-·-
811 2602 829 2623 s
841 2591 883 2622 ic

185 2636 330 2675 vitabis.
387 2637 449 2674 BG
460 2637 723 2683 ᾳβγδεζῆιστφψ
746 2636 771 2671 Ρ
784 2635 815 2670 1.
836 2649 883 2664 ===

184 2682 395 2719 hoe-nendo
416 2695 440 2716 a
451 2695 474 2717 u
482 2691 498 2718 ι
516 2683 657 2729 gracula
665 2693 689 2714 ιι
699 2692 742 2715 m.
764 2681 822 2724 R(s
829 2681 880 2724 ω’)

186 2742 232 2759 σιτ.
254 2728 463 2763 lacessendo
488 2729 630 2775 gramiae
639 2737 673 2762 ιι.
718 2735 737 2769 ρ
750 2726 824 2759 Col.
835 2740 882 2756 ει.-

183 2774 394 2808 lacessendo
415 2774 558 2821 gratuit
566 2785 591 2808 u
601 2785 646 2808 m.
691 2769 750 2808 124.
765 2784 810 2800 -···-
821 2771 881 2806 Ia·-

184 2819 354 2852 cessendo
385 2828 466 2853 aut
487 2817 750 2866 gravando.
796 2817 825 2853 Ἰί
840 2822 875 2856 -l-

183 2876 206 2896 α
218 2876 240 2898 ιι
250 2873 263 2897 ι
298 2865 471 2909 gratuito.
518 2865 552 2900 ffl
574 2881 619 2889 --
643 2864 677 2899 (5
695 2877 741 2891 ετ
762 2861 877 2896 laces-

930 1857 1042 1892 sendo
1062 1865 1143 1890 aut
1163 1854 1624 1902 gratificando.'Rell.

931 1900 1031 1936 etiam
1049 1902 1140 1936 Pinc.
1162 1914 1195 1935 v.
1209 1901 1231 1934 l.
1254 1902 1312 1935 Gr.
1329 1915 1379 1934 ω.
1403 1902 1439 1937 {R
1451 1918 1496 1926 -—
1507 1901 1570 1936 ‘Ru
1585 1905 1620 1940 4-

930 1949 1017 1981 Fuit
1040 1949 1161 1981 enim
1184 1947 1251 1981 hoc
1278 1947 1412 1980 multis.
1461 1947 1487 1981 Β
1505 1962 1552 1976 ===
1569 1947 1624 1980 Il-

931 1994 995 2027 lud
1028 2006 1072 2026 ne
1106 1993 1273 2026 timeari.
1323 1994 1382 2027 οἳ(
1402 2005 1449 2023 ez:
1468 1993 1624 2027 timeas.

930 2049 978 2074 πσ
988 2039 1054 2074 Χῦὶ
1073 2057 1120 2063 --
1139 2040 1171 2074 ΣΞ
1189 2053 1237 2067 =
1255 2038 1398 2083 ingenii
1420 2038 1454 2071 Ie
1466 2038 1579 2072 vitas.

975 2087 1009 2117 E
1018 2097 1039 2117 u
1050 2096 1084 2117 m
1104 2096 1183 2118 esse
1203 2092 1239 2116 te
1256 2083 1418 2117 honu'nes
1434 2083 1489 2117 sci
1497 2094 1520 2116 α
1531 2091 1626 2115 nt=

930 2128 1207 2175 ΒῦΖβεηοπσφψ
1220 2131 1314 2164 Sa&
1385 2126 1416 2160 G
1429 2127 1529 2174 (sm.)
1541 2128 1571 2161 R
1581 2130 1625 2160 Sc

930 2175 1016 2209 'l[=
1036 2186 1131 2207 cnm
1154 2185 1232 2207 esse
1255 2181 1291 2206 te
1311 2172 1473 2207 homines
1494 2173 1623 2206 sciam.

929 2221 964 2255 {R
986 2235 1030 2244 --
1052 2220 1117 2254 ‘Ra
1135 2231 1180 2247 τε
1201 2228 1279 2251 cum
1298 2226 1334 2253 ee
1357 2229 1436 2253 esee
1465 2217 1626 2252 homines

930 2265 1059 2299 scient
1103 2262 1211 2308 (male
1246 2264 1309 2295 Sw.
1355 2272 1397 2295 ex
1435 2262 1470 2298 {R
1507 2261 1623 2298 laudat

929 2306 1090 2351 sciant).
1135 2309 1171 2344 §R
1193 2325 1237 2333 -
1252 2309 1285 2344 ΣΞ
1304 2323 1351 2339 ===
1371 2309 1451 2343 sine
1467 2308 1627 2353 periculo

924 2362 1105 2400 possum.
1150 2354 1253 2388 mn
1264 2351 1446 2399 etfacilis
1465 2353 1570 2388 erit.

973 2409 1005 2442 5.
1019 2408 1137 2454 B(soe)
1147 2426 1194 2436 --
1202 2420 1271 2442 non
1281 2416 1359 2454 post
1370 2408 1485 2445 Nulli.
1535 2409 1568 2442 G
1578 2423 1624 2439 π

925 2455 1020 2501 quod
1042 2455 1134 2488 cibi
1154 2455 1299 2488 timetur
1319 2465 1430 2489 nemo.
1477 2455 1506 2489 ’Σ
1520 2458 1624 2493 -ὶ-εε-

928 2502 943 2534 i
951 2511 1020 2533 am
1043 2501 1153 2535 timet.
1198 2499 1288 2533 RP3.
1312 2515 1359 2528 π
1378 2500 1440 2546 qui
1462 2499 1623 2533 nullum

929 2546 998 2581 sibi
1025 2546 1204 2579 adiunxit.
1250 2540 1340 2579 Pinc.
1367 2556 1408 2577 ex
1430 2543 1528 2578 divae
1545 2545 1623 2578 Ma-

928 2590 995 2669 riag
1017 2605 1066 2672 -Ξῖ
1072 2591 1181 2671 aput&
1189 2590 1345 2669 aliqueIrz
1355 2603 1384 2669 Ἱιι
1391 2602 1424 2668 ιῗ
1431 2597 1621 2668 potentum.

998 2661 1006 2669 .
1084 2653 1128 2662 »-
1206 2658 1218 2671 .
1239 2649 1287 2665 ===
1346 2648 1358 2668 ι
1386 2648 1398 2668 ι
1467 2645 1524 2668 an
1555 2645 1622 2667 um

928 2693 1048 2727 aeque.
1095 2681 1122 2714 R
1142 2639 1245 2719 -ξ-1σι
1268 2681 1462 2734 plurimum
1491 2691 1620 2713 secum.

927 2728 993 2765 (31.
1015 2743 1063 2752 ·-·
1083 2728 1116 2762 Θ
1137 2729 1272 2772 ==fqu2
1307 2725 1445 2771 irrepit.
1491 2723 1552 2757 Pl.
1577 2739 1622 2754 ιε

927 2784 1005 2817 qua
1028 2772 1175 2817 irrepit.
1222 2770 1254 2804 G
1277 2770 1366 2805 Pino.
1386 2780 1418 2802 v.
1430 2767 1524 2802 1.P2.
1548 2770 1619 2803 col.

926 2832 972 2846 =
995 2825 1030 2850 ot
1053 2816 1287 2853 eblanditur.
1332 2815 1422 2851 Piae.
1445 2814 1544 2848 ci.=
1561 2827 1620 2850 se-

925 2871 1026 2897 creta
1052 2874 1119 2908 pro
1129 2863 1154 2896 d
1163 2863 1177 2896 ι’
1186 2870 1211 2895 t.
