1742 3094
202 188 286 234 498

659 191 703 231 L.
733 191 931 231 ANNAEI
962 191 1192 231 SENECAE

172 318 189 344 τ
209 302 338 359 Saepe
358 303 398 344 in
415 309 543 344 morte
565 317 676 358 quam
703 303 780 359 pati
802 303 870 345 lex
891 310 953 345 est
974 317 1156 359 magnum
1178 317 1268 345 esse
1289 303 1494 356 solatium,
1539 306 1640 359 quod

203 372 252 413 ad
274 370 468 412 neminem
485 371 600 413 redit.
661 371 702 412 in
720 371 854 413 dolore
871 386 942 428 pro
959 372 1134 413 remedio
1157 372 1325 412 futuram
1342 371 1641 415 obstinationem

204 439 323 480 animi
354 439 419 494 qui
446 439 573 481 leuius
604 438 678 480 sibi
722 439 812 481 facit
853 439 1032 494 quicquid
1071 439 1356 480 contumaciter
1393 453 1532 495 passus
1561 446 1637 482 est.

205 504 401 562 Optimam
426 506 572 548 doloris
588 520 683 548 esse
706 513 885 548 naturam
900 539 912 559 ,
955 507 1054 562 quod
1080 522 1158 548 non
1175 514 1303 561 potest
1319 521 1392 548 nec
1414 507 1479 562 qni
1501 514 1641 549 exten-

204 574 308 615 ditur
328 588 490 629 magnus
510 588 600 616 esse
621 587 694 615 nec
718 575 784 629 qui
810 581 871 615 est
894 589 1059 629 magnus
1087 575 1260 616 extendi.

174 654 191 680 8
209 641 441 697 excipienda
458 656 557 696 quae
593 642 705 683 nobis
733 642 865 683 mundi
894 642 1111 683 necessitas
1139 642 1317 698 imperat.

1323 572 1466 617 Omnia
1489 575 1643 616 fortiter

1377 642 1452 684 His
1474 643 1643 684 decretis

206 723 295 750 cum
317 709 425 750 illum
445 709 486 749 in
511 716 762 765 conspectum
797 722 893 750 suae
924 709 1166 750 condicionis
1196 710 1407 752 adduxeris
1429 718 1470 752 et
1495 725 1642 766 eogno-

206 777 310 819 uerit
338 777 491 817 beatam
523 790 614 818 esse
649 776 770 817 uitam
804 791 883 818 non
917 790 1017 831 quae
1051 777 1265 818 secundum
1295 777 1534 833 uoluptatem
1562 785 1640 829 est,

205 844 275 885 sed
297 844 511 885 secundum
546 850 723 885 naturam
739 875 750 895 ‚
795 858 883 886 cum
911 844 1096 887 uirtutem
1121 845 1276 886 unicum
1307 845 1450 886 bonum
1475 845 1642 886 hominis

205 911 446 953 adamauerit
461 943 473 963 ‚
507 911 783 967 turpitudinem
809 912 934 954 solum
958 912 1102 954 malum
1125 912 1295 968 fugerit,
1326 913 1478 968 reliqua
1496 913 1639 964 omnia,

204 979 358 1020 diuitias
373 1011 383 1030 ‚
429 979 600 1025 honores
615 1012 626 1031 ‚
669 979 810 1020 bonam
829 980 1080 1021 ualitudinem
1096 1011 1107 1032 ,
1152 980 1283 1032 uires,
1322 980 1485 1036 imperia
1507 980 1644 1022 scierit

204 1060 296 1088 esse
318 1047 482 1088 mediam
504 1054 668 1102 partem,
702 1060 775 1088 nec
802 1047 916 1088 bonis
942 1048 1269 1089 adnumerandam
1295 1062 1368 1089 nec
1391 1048 1526 1090 malis:
1557 1062 1641 1088 mo-

205 1114 372 1155 nitorem
394 1128 473 1155 non
493 1114 730 1155 desiderabit
749 1115 796 1155 ad
817 1115 970 1170 singula
992 1115 1057 1170 qui
1087 1115 1214 1166 dicat,
1260 1114 1338 1157 Sic
1361 1116 1512 1157 incede
1523 1147 1538 1167 ‚
1575 1117 1640 1157 sic

205 1195 354 1224 coena.

414 1181 512 1224 Hoc
534 1183 633 1223 ἰιίνο
642 1213 658 1233 ,
697 1181 778 1223 hoc
793 1181 1012 1238 feminae,
1053 1183 1135 1224 Ιιοο
1155 1184 1314 1227 marito
1328 1215 1343 1234 ,
1385 1183 1466 1226 leoc
1485 1183 1642 1226 caelibi

171 1266 188 1293 9
206 1251 417 1291 conuenit.
475 1247 558 1293 Ista
585 1249 688 1290 enim
711 1250 777 1304 qui
801 1250 1095 1305 diligentissime
1127 1257 1287 1292 monent
1306 1250 1381 1306 ipsi
1410 1251 1543 1292 faeere
1561 1266 1641 1292 non

203 1324 382 1373 possunt.

202 1392 242 1426 et
270 1385 519 1426 irascendum
552 1400 631 1426 non
662 1399 752 1427 esse
782 1386 971 1441 magister
998 1385 1320 1428 iracundissimus
1349 1386 1533 1442 disputat.

443 1316 554 1359 Haec
582 1317 831 1372 paedagogus
860 1332 1008 1372 puero,
1055 1318 1152 1359 haec
1170 1318 1257 1359 auia
1291 1318 1422 1374 nepoti
1454 1318 1643 1374 praecipit

1593 1384 1639 1429 Si

202 1453 334 1494 ludum
357 1453 573 1495 literarium
598 1453 835 1506 intraueris,
882 1453 985 1495 scies
1016 1454 1091 1495 ista
1119 1467 1217 1508 quae
1248 1453 1399 1509 ingenti
1431 1454 1639 1509 supercilio

202 1520 420 1576 philosophi
460 1521 607 1562 iactant
634 1521 676 1561 in
705 1521 847 1577 puerili
876 1535 965 1563 esse
1005 1521 1260 1578 praescripto.
1322 1520 1461 1564 Utrum
1499 1522 1639 1563 deinde

154 1604 186 1629 το
203 1588 412 1629 manifesta
434 1602 485 1629 an
506 1588 620 1629 dubia
646 1589 894 1644 praecipies?

204 1655 387 1696 nitorem.

201 1736 297 1778 ergo
328 1722 568 1778 praecipere.

948 1588 1044 1630 Non
1071 1589 1295 1630 desiderant
1328 1589 1535 1630 manifesta
1557 1604 1639 1630 mo·

449 1655 704 1711 praecipienti
741 1656 856 1696 dubia
893 1670 972 1697 non
1013 1656 1209 1698 creditur:
1256 1653 1540 1712 superuacuum
1577 1664 1639 1698 est

627 1721 675 1764 Id
698 1723 796 1765 adeo
817 1723 874 1764 sic
897 1724 1020 1766 disce.

1083 1721 1128 1765 Si
1151 1723 1191 1764 id
1210 1726 1346 1766 moues
1371 1725 1473 1779 quod
1498 1725 1638 1766 obscu-

200 1805 286 1831 rum
306 1797 368 1831 est
389 1797 429 1831 et
447 1790 684 1845 ambiguum,
717 1791 1008 1847 probationibus
1032 1791 1290 1833 adiuuandum
1313 1792 1411 1832 erit:
1445 1792 1478 1833 si
1498 1792 1638 1848 proba-

201 1891 263 1912 nec
289 1879 483 1913 dolorem
511 1892 694 1925 quoque
716 1892 780 1914 nec
802 1892 897 1913 mor-

199 1933 243 1958 te
255 1926 359 1960 1η.θὶ
373 1944 410 1950 —-
422 1927 578 1961 zmnec
598 1926 775 1959 dolorem
794 1938 898 1971 quo-

199 1983 222 2016 q
232 1983 254 2002 u
264 1983 283 2003 e
307 1982 371 2003 nec
391 1972 492 2004 mori.
540 1969 600 2004 P4.
619 1986 665 1999 -=
686 1983 750 2004 nec
779 1973 899 2005 dolere

199 2028 222 2061 q
232 2028 255 2048 u
267 2017 308 2048 ic
319 2028 340 2061 q
352 2028 374 2048 u
386 2028 410 2049 a
419 2029 452 2048 m
476 2028 541 2049 nec
560 2018 660 2050 mori.
709 2020 813 2062 ssxmo
825 2017 896 2051 Col.

200 2064 270 2096 (Sto
288 2078 335 2085 ·-
354 2062 388 2097 Θ
410 2078 456 2090 ==
475 2074 540 2095 nec
569 2063 689 2095 dolere
721 2074 775 2107 qu
787 2074 899 2107 oque

200 2118 264 2139 nec
287 2118 387 2138 mon.

244 2149 277 2183 7.
307 2152 337 2183 G
348 2166 395 2179 =
408 2163 515 2197 saepe
539 2153 577 2184 in
601 2164 654 2184 mo
665 2160 742 2184 nte.
812 2153 840 2186 2(
854 2171 896 2177 —

199 2195 378 2228 solatium.
448 2207 465 2230 0
476 2212 521 2224 =
532 2199 572 2229 in
590 2198 713 2230 dolore
738 2210 765 2242 p
777 2210 796 2229 r
805 2196 896 2239 osu-

199 2248 316 2272 turam
341 2251 406 2272 om.
436 2243 601 2274 remedio.
674 2242 706 2273 G
725 2257 771 2270 =
791 2242 895 2287 Opti—

199 2296 264 2317 mu
277 2297 310 2317 m
334 2285 481 2318 doloris.
550 2287 634 2318 R—
646 2297 710 2318 nec
739 2293 815 2318 ante
835 2286 897 2331 qui

198 2330 413 2363 extendetur.

235 2375 268 2420 s
263 2377 387 2408 ortiter
408 2387 427 2407 e
437 2387 460 2407 x
470 2376 636 2421 cripienda
645 2390 690 2403 ε
698 2387 776 2407 mss.
794 2375 894 2407 etiam

198 2421 260 2452 Sac
270 2421 359 2455 ῢὶ-
368 2421 425 2457 2¹4.
437 2421 484 2456 Ε.
553 2423 624 2456 (Situ
635 2439 681 2445 —
692 2422 754 2455 ‘Dte
765 2420 893 2465 =f0r-

200 2466 285 2498 titer
303 2466 536 2511 accipienda·
584 2466 612 2499 '21
628 2470 663 2504 -ἱ-
683 2466 894 2510 excipienda

199 2522 217 2542 s
227 2523 250 2543 u
259 2522 282 2543 n
293 2519 307 2543 t
329 2516 363 2542 et
380 2525 427 2539 =
446 2511 642 2543 necessitas
665 2512 679 2543 i
688 2523 710 2543 n
721 2523 748 2556 g
757 2519 844 2544 erat.

244 2553 275 2588 8.
303 2556 335 2588 G
349 2571 395 2584 =
412 2557 452 2589 in
480 2565 640 2602 conspect
650 2569 683 2589 ιι.
732 2557 762 2588 G
776 2572 821 2584 =
834 2568 892 2589 se—

197 2602 348 2633 cundum
370 2603 451 2634 volu
461 2613 484 2634 n
495 2609 614 2635 tatem.
660 2602 688 2635 2(
706 2616 751 2630 =
769 2614 814 2634 un
827 2614 848 2633 u
861 2614 892 2634 m

197 2646 323 2678 bonum
364 2648 591 2680 adamaverit
622 2658 688 2679 om.
725 2647 890 2680 hominis.

198 2691 226 2722 R
237 2706 282 2719 =
293 2703 314 2723 a
326 2692 350 2723 d
360 2693 576 2725 monitorem.
625 2693 655 2724 G
664 2707 710 2720 =
722 2703 745 2723 n
756 2705 775 2725 e
785 2705 804 2724 c
827 2693 893 2725 de-

198 2736 384 2770 siderabit.
417 2738 443 2768 B
454 2753 499 2766 =
510 2737 680 2770 desidera
691 2749 714 2770 ν
723 2738 764 2771 it.
798 2740 893 2782 βιοστ

195 2778 255 2813 Ρ2.
269 2781 338 2813 Col.
349 2792 451 2814 nonu.
466 2782 556 2815 Pinc.
575 2783 604 2817 Ἰ(
615 2797 662 2811 z
674 2783 735 2815 Sic
755 2783 889 2824 incede,

194 2838 249 2859 stc
268 2838 302 2858 m
310 2839 333 2859 a
342 2838 365 2858 n
378 2838 406 2859 e.

988 1878 1020 1914 9.
1047 1881 1188 1925 G(p.m.)
1199 1893 1279 1927 ===p
1289 1881 1377 1913 rim
1388 1880 1552 1927 ifaoere.
1586 1882 1636 1914 sG

943 1942 989 1955 ===
1002 1928 1041 1972 ip
1052 1939 1102 1959 sa
1117 1927 1258 1971 facere.
1305 1927 1337 1958 G
1357 1941 1403 1955 =
1428 1929 1524 1960 Haec
1541 1939 1636 1973 pae-

945 1973 1061 2018 dagu
1072 1984 1100 2004 s.
1137 1972 1476 2016 fitorm02s=Nec
1496 1973 1636 2018 paeda—

943 2029 1058 2064 gogus
1074 2029 1183 2063 puero
1201 2029 1222 2048 n
1235 2029 1254 2049 e
1263 2030 1282 2049 c
1295 2019 1381 2050 avia
1397 2019 1518 2063 nepoti
1523 2030 1634 2063 prae-

943 2064 1077 2109 cipiet
1101 2063 1325 2095 irascendum
1338 2075 1348 2094 .-
1381 2074 1450 2095 non
1474 2071 1516 2095 ec
1526 2075 1546 2095 s
1555 2064 1571 2095 ι’
1591 2063 1637 2107 [X

942 2124 988 2136 =
1003 2108 1060 2151 et]
1086 2109 1271 2152 magi-ster.
1320 2107 1428 2140 Etiam
1449 2108 1586 2151 B(p.m.)
1599 2108 1634 2141 Π

943 2159 977 2186 et
990 2153 1046 2184 alii
1058 2152 1124 2184 duo
1137 2164 1174 2195 ρρ
1184 2167 1230 2180 =
1240 2164 1310 2184 non
1332 2165 1351 2184 e
1361 2161 1375 2184 t
1385 2164 1403 2184 s
1411 2154 1426 2184 i
1449 2154 1632 2197 magister.

941 2198 1005 2232 Xffl
1016 2215 1063 2221 —
1072 2199 1135 2234 (ἐξ.
1149 2212 1192 2224 =
1205 2197 1326 2229 ludum
1352 2197 1460 2229 litera
1470 2209 1489 2228 r
1499 2211 1521 2228 n
1533 2210 1575 2229 m.
1604 2198 1633 2228 G

940 2257 985 2270 =
997 2243 1069 2274 isca
1091 2253 1112 2273 n
1124 2254 1143 2273 0
1154 2254 1174 2274 n
1199 2243 1340 2286 ingenti
1364 2254 1498 2287 supere.
1543 2241 1632 2275 RI’3.

942 2286 1043 2331 (sm.)
1055 2302 1100 2314 =
1115 2299 1206 2332 quae
1228 2299 1246 2319 e
1256 2298 1289 2319 m
1300 2287 1315 2319 i
1323 2298 1346 2318 n
1356 2299 1375 2319 e
1385 2298 1408 2319 n
1417 2288 1454 2320 ci
1475 2299 1610 2333 supere.

992 2344 1117 2375 Utrum
1159 2343 1183 2375 d
1194 2343 1271 2375 ein
1283 2342 1308 2374 d
1321 2355 1340 2374 e
1371 2342 1568 2388 manifesta
1589 2358 1632 2371 =

939 2389 1016 2423 ΒΞ.
1086 2388 1145 2420 GR
1158 2399 1195 2431 ρρ
1211 2388 1268 2420 Gr.
1279 2387 1370 2420 Pinc.
1382 2389 1503 2423 Xfflfflu
1514 2390 1578 2425 ’Ἠία
1587 2404 1633 2418 =

941 2434 1067 2466 Utrum
1089 2432 1285 2478 mantfesta
1299 2433 1440 2466 deinde.
1466 2435 1497 2468 ἷέ
1509 2453 1549 2458 -·
1562 2436 1632 2472 ffll.

937 2494 982 2507 =
1001 2480 1126 2512 Utrum
1149 2477 1343 2524 manzfesta
1365 2479 1390 2511 d
1401 2491 1420 2510 e
1431 2490 1465 2510 m
1475 2491 1496 2511 u
1508 2491 1551 2512 m.

983 2534 1178 2580 manufesta
1191 2536 1340 2567 monitor
1350 2548 1369 2567 e
1379 2547 1460 2567 m=
1472 2535 1526 2566 BR
1541 2535 1630 2568 Pinc.

937 2579 995 2612 P2.
1008 2580 1067 2613 1²3.
1082 2579 1182 2625 (sm.)
1201 2579 1271 2612 Col.
1287 2580 1368 2615 21&
1436 2579 1556 2614 Gffi—
1567 2580 1630 2614 {mn

937 2641 982 2654 =
993 2629 1144 2658 monitor
1154 2639 1173 2658 e
1184 2637 1213 2657 s.

984 2692 1037 2725 10.
1065 2693 1134 2725 col.
1145 2708 1191 2720 =
1199 2693 1240 2724 Si
1258 2692 1298 2724 id
1317 2703 1340 2724 a
1349 2691 1375 2723 d
1385 2701 1514 2724 mones.
1540 2691 1575 2725 {R
1583 2709 1630 2717 --

938 2740 1003 2776 (ξῖ.
1015 2754 1060 2766 =
1070 2739 1111 2770 Si
1133 2739 1223 2771 ia‘m
1247 2747 1376 2769 mones.
1426 2736 1456 2769 G
1469 2737 1573 2780 (mm)
1584 2751 1629 2764 =

934 2783 1021 2829 prob
1031 2796 1055 2817 a
1077 2782 1319 2817 adiuvandum
1341 2782 1420 2815 eric.
