1742 3094
491 215 709 256 EPISTUL.
739 215 858 255 Mon.
888 214 982 255 Lm.
1013 215 1041 254 1.
1073 215 1147 254 BP.
1180 220 1218 255 9.
1515 215 1567 259 31

141 334 271 370 tentus
310 334 394 379 est,
434 341 513 369 non
549 335 593 370 ut
627 327 724 368 uelit
751 341 842 368 esse
872 327 959 368 sine
984 326 1135 378 amico,
1167 325 1238 367 sed
1260 331 1303 366 ut
1326 325 1467 381 possit.
1532 334 1573 367 et

139 394 238 446 boc,
269 395 372 449 quod
400 395 487 436 dico
510 395 679 450 possit,
720 394 795 435 tale
825 401 911 435 est:
953 394 1138 435 amissum
1166 406 1291 447 aequo
1319 392 1448 434 animo
1478 393 1568 434 fert.

138 459 236 503 Sine
254 461 379 503 amico
399 462 553 516 quidem
573 475 779 516 numquam
800 461 898 502 erit:
930 461 971 502 in
991 475 1063 502 sua
1082 467 1275 516 potestate
1297 459 1428 511 babet,
1457 473 1570 514 quam

137 529 216 570 cito
234 535 404 584 reparet,
453 528 682 584 Quomodo,
716 529 750 569 si
770 528 982 584 perdiderit
995 526 1154 569 Phidias
1171 534 1360 579 statuam,
1391 527 1568 583 protinus
1584 535 1602 561 ⁴

135 595 296 636 alteram
322 595 464 637 faciet:
496 596 554 637 sic
584 596 646 637 hic
677 596 941 637 faciendarum
969 595 1226 636 amicitiarum
1257 594 1401 636 artifex
1427 594 1579 635 substi-

137 667 221 703 tuet
246 661 364 703 alium
390 662 434 703 in
460 663 589 704 locum
616 662 766 704 amissi.
828 661 998 717 Quaeris
1015 694 1028 714 ‚
1077 662 1270 718 quomodo
1299 661 1466 702 amicum
1494 661 1573 702 cito

135 729 308 771 sacmrus
336 729 390 771 sit
404 746 416 770 ε
457 730 580 771 dicam
596 762 608 782 ‚
639 730 675 771 si
695 730 788 771 illud
811 730 906 771 mihi
931 736 1060 772 tecum
1086 728 1341 780 conuenerit,
1371 735 1417 769 ut
1443 728 1574 769 statim

137 795 208 836 tibi
235 796 385 838 soluam
417 798 519 851 quod
552 797 701 849 debeo,
734 804 775 838 et
803 804 986 851 quantum
1011 797 1060 838 ad
1085 797 1184 838 hane
1210 796 1435 852 epistulam,
1466 795 1574 851 paria

137 862 337 904 faciamus.
397 863 578 905 Hecaton
603 864 679 905 ait:
721 863 816 918 Eyo
839 864 916 905 tibi
936 863 1185 906 monstrabo
1203 864 1461 905 amm-inm
1481 864 1574 904 sine

137 929 461 982 medicamento,
488 931 581 972 εἰπε
597 929 750 982 herba,
778 932 872 973 siue
887 931 1018 972 ullius
1035 929 1257 985 veneficae
1276 931 1480 972 carmine.
1521 928 1575 972 Sa·

138 997 207 1038 ιάε
233 998 400 1048 anau-i,
431 1010 542 1039 ama.
601 995 736 1039 Habes
755 1004 887 1039 autem
906 1012 986 1039 non
1010 1004 1159 1038 tantum
1182 1011 1260 1038 usu
1285 997 1480 1039 amicitiae
1502 1010 1572 1038 ue-

134 1062 231 1104 teris
247 1059 288 1104 ἑῑ
303 1070 435 1105 certae
454 1077 632 1119 magnam
651 1064 902 1120 uoluptatem,
926 1065 998 1106 sed
1019 1064 1135 1106 etiam
1157 1063 1310 1105 initium
1327 1070 1368 1104 et
1383 1077 1572 1118 conpara-

134 1129 281 1171 tionem
302 1144 445 1172 nouae.
506 1129 622 1185 Quod
643 1130 811 1172 interest
829 1133 934 1172 inter
955 1138 1166 1173 metentem
1193 1130 1404 1186 agricolam
1435 1137 1476 1172 et
1504 1144 1568 1172 se·
1585 1141 1604 1168 5

133 1203 309 1248 rentem,
341 1198 416 1238 hoc
439 1198 545 1239 inter
564 1211 652 1239 eum
673 1198 738 1253 qui
760 1199 926 1240 amicum
948 1199 1125 1255 parauit,
1158 1204 1199 1240 et
1219 1198 1286 1253 qui
1312 1205 1436 1254 parat.
1495 1196 1573 1239 At-

133 1264 235 1305 talus
259 1264 509 1320 philosophus
535 1265 667 1306 dicere
693 1265 867 1307 solebat:
913 1265 1145 1308 Iucundiu·
1173 1280 1266 1308 esse
1293 1266 1474 1307 amicum
1499 1264 1574 1320 fa—

134 1343 235 1372 cere
263 1345 389 1386 quam
416 1332 586 1374 habere.
645 1333 856 1387 quomodo
877 1331 1042 1388 artifici
1059 1333 1283 1374 iucundius
1299 1334 1487 1388 pinyere
1510 1338 1574 1374 est

135 1410 261 1452 quam
283 1399 492 1452 pinxisse.
550 1397 623 1439 Illa
651 1399 691 1439 in
721 1413 840 1454 opere
869 1414 941 1441 suo
970 1406 1159 1455 occupata
1186 1399 1406 1440 sollicitudo
1430 1399 1571 1454 ingens

136 1464 461 1506 oblectamentum
482 1465 600 1506 habet
622 1466 665 1506 in
688 1465 773 1521 ipsa
795 1467 1064 1522 occupatione.
1122 1465 1219 1508 Nou
1249 1480 1373 1521 aeque
1403 1466 1572 1508 delecta·

134 1538 225 1583 tur,
267 1532 334 1590 qui
362 1532 411 1572 ab
440 1546 560 1588 opere
587 1534 761 1588 perfecto
788 1534 959 1575 remouit
986 1547 1168 1575 manum:
1211 1534 1288 1574 iam
1316 1534 1446 1574 fmctu
1474 1533 1571 1574 artis

135 1612 230 1640 suae
252 1598 417 1651 finitum,
448 1599 533 1655 ipsa
566 1599 767 1641 fruebatur
797 1608 906 1653 arte,
939 1615 1027 1642 cum
1056 1601 1250 1657 pingeret.
1311 1598 1571 1642 Fructuosior

136 1671 198 1706 est
217 1665 481 1707 adulescentia
499 1666 711 1708 liberorum
725 1700 737 1720 ,
770 1669 840 1710 sed
858 1668 1020 1710 infantia
1043 1668 1208 1710 dulcior.
1268 1666 1387 1709 Nunc
1411 1669 1459 1708 ad
1478 1682 1570 1724 pro·
1585 1678 1604 1705 6

137 1807 183 1832 et
212 1810 285 1832 non
311 1799 446 1833 deesse.
491 1800 542 1834 Rt
562 1799 633 1833 1³3.
662 1806 697 1839 4-
725 1801 828 1834 dum
875 1814 913 1845 pp
933 1803 992 1834 Gr.
1023 1803 1190 1845 {vt—(3,
1225 1808 1457 1846 praeterquam
1482 1802 1572 1846 qnod

136 1854 207 1876 mm
238 1844 371 1877 deesse.
418 1845 450 1876 G
473 1860 518 1872 =
554 1845 659 1878 dum
694 1846 828 1879 deesse.
874 1847 1068 1890 praeferunt
1089 1858 1212 1879 usum.-
1246 1847 1374 1879 nullum
1406 1858 1486 1879 vero
1517 1846 1573 1879 vi-

136 1887 232 1920 Mod,
262 1889 325 1932 Bp.
346 1885 403 1921 36.
434 1904 480 1916 ==
508 1898 542 1921 et
573 1898 611 1921 ut
642 1902 732 1935 quae
761 1891 831 1924 sibi
872 1891 958 1923 tium
987 1891 1023 1923 in
1053 1903 1132 1923 mss.
1154 1891 1283 1934 saepius
1313 1891 1574 1935 deprehenditur

138 1932 288 1972 desunt,
321 1943 390 1964 non
423 1933 629 1973 desiderat,
663 1935 727 1967 sed
761 1947 831 1968 non
876 1947 973 1978 quam
1001 1948 1036 1967 m
1063 1935 1224 1968 Ablativis
1249 1937 1275 1966 1.
1300 1937 1375 1967 1111.
1403 1937 1445 1967 V.
1476 1935 1570 1967 Decl.

141 1976 264 2008 deesse
282 1976 436 2013 mavum
459 1978 513 2008 ita
532 1979 687 2022 sapiens.
875 1979 1035 2011 additum.
1082 1980 1112 2013 X
1124 1995 1171 2007 =
1192 1979 1316 2011 Habes
1331 1997 1380 2005 -—-
1401 1981 1441 2012 in
1459 1992 1572 2013 usum·

184 2020 217 2052 V
233 2035 280 2048 =
299 2028 336 2052 et
421 2021 447 2053 d
470 2021 560 2054 dico.
875 2023 967 2064 Pinc-
999 2023 1173 2066 oestigavit
1205 2023 1349 2067 „partim
1383 2036 1424 2056 ex
1458 2031 1572 2057 vetere

187 2065 207 2104 ζ
225 2064 295 2096 col.
316 2065 342 2096 1’
375 2087 384 2096 .
404 2081 450 2093 =
460 2065 575 2110 feret.
876 2068 952 2100 lect.
975 2068 1098 2113 partim
1121 2080 1162 2100 ex
1182 2067 1395 2101 coniectura“
1417 2084 1464 2097 =
1488 2071 1571 2102 Ha—

185 2109 214 2140 R
231 2125 278 2134 —
298 2109 448 2153 quidem.
876 2112 936 2146 bes
958 2121 1077 2146 autem
1099 2124 1171 2146 non
1193 2121 1333 2145 tantum
1354 2125 1421 2146 usu
1444 2115 1572 2147 amici-

183 2161 336 2199 reparet.
359 2155 403 2186 Sc
419 2155 450 2189 Χ
468 2170 515 2182 =
532 2156 676 2199 reperie-
875 2159 951 2190 tiae
972 2158 1104 2192 meris
1125 2165 1160 2190 et
1180 2166 1300 2190 certae
1319 2170 1489 2204 magnam
1507 2171 1572 2192 νο-

182 2199 217 2234 4.
268 2198 323 2230 sic
344 2198 404 2231 hic
419 2215 465 2227 =
485 2201 534 2243 Pp
553 2200 600 2232 Βι-
620 2201 711 2236 GTE
726 2201 830 2244 Arg-b
875 2202 985 2248 lupen,
1019 2203 1085 2236 aed
1108 2202 1217 2236 etiam
1239 2203 1346 2235 initio
1369 2212 1404 2235 et
1427 2216 1571 2248 compa-

138 2242 270 2277 191—
290 2244 338 2278 Θ.
392 2245 492 2278 ‘JR—
513 2246 548 2280 ῧ
566 2250 600 2284 -l-
621 2247 675 2278 sic
693 2254 739 2278 et
759 2246 829 2278 hic.
876 2249 1017 2280 ratione
1038 2260 1162 2280 novae.
1206 2248 1351 2284 Ψί-ῢ
1372 2260 1414 2281 ex
1429 2249 1469 2281 ei.
1483 2250 1569 2281 Mur.

167 2287 253 2338 ‘Vpp
265 2287 348 2330 (exc-
361 2288 475 2331 βξῐνξτ)
483 2290 578 2322 =in
597 2290 614 2323 l
620 2302 666 2323 oc:
675 2302 695 2323 o
716 2292 830 2324 ‹nmis-
874 2308 920 2321 =
939 2291 1057 2326 Habet
1067 2311 1115 2317 —
1125 2303 1211 2325 usus
1221 2310 1269 2318 ·—-
1281 2294 1512 2338 comparatio.

140 2342 289 2408 “⁸1³5
297 2331 382 2408 ⁶133?
403 2346 473 2366 am·
920 2352 955 2385 5.
983 2349 1070 2381 V—
1087 2347 1233 2381 Attalus
1245 2366 1294 2373 ·—-
1308 2348 1471 2394 infancia
1488 2350 1569 2382 dul-

597 2424 604 2430 ,
875 2394 962 2426 cior.
998 2405 1015 2427 ν
1028 2411 1075 2417 -
1094 2393 1251 2426 Attalus.

185 2420 249 2451 AG
269 2421 300 2459 ζι
317 2435 363 2448 =
374 2420 546 2466 facturus
569 2436 632 2457 aas.
1217 2449 1223 2455 ·
1537 2451 1543 2456 ·

186 2465 274 2494 A—
290 2464 408 2497 dicam
426 2483 473 2492 —
486 2467 677 2511 faciamus.
708 2469 769 2502 sed
787 2469 829 2502 al.
920 2461 988 2494 1²⁰7
989 2456 1040 2481 Μ·
1075 2459 1093 2483 ε
1109 2453 1143 2487 'l‘
1169 2448 1272 2482 ⁰1¹⁰&
1305 2450 1332 2480 B
1346 2464 1393 2478 =
1410 2459 1568 2495 Pamwt·

142 2519 186 2540 m.
208 2507 375 2551 supplevit
396 2517 474 2553 post
497 2523 549 2554 ep,
573 2520 775 2556 gequentem·
920 2516 995 2536 r-—-
1008 2504 1205 2537 Iucundiu-5
1222 2522 1269 2528 —
1286 2506 1435 2548 artfici.

184 2552 259 2586 Rffl
275 2570 322 2577 ·-
344 2554 419 2604 ἄμ
442 2569 488 2582 =
509 2558 601 2599 quod
624 2558 831 2592 debeam.
922 2562 1008 2592 A=
1030 2560 1068 2592 in
1090 2572 1177 2592 sua
1199 2562 1435 2604 occupatione.

187 2597 219 2628 G
234 2601 269 2634 -1-
290 2606 448 2642 pertinet
463 2606 541 2642 post
561 2602 700 2646 epietul.
920 2605 991 2640 RI
1009 2620 1055 2632 =
1076 2613 1241 2638 removet.

187 2641 268 2675 3—
286 2644 398 2687 paria
411 2642 607 2688 saciamua.
922 2661 945 2682 α
964 2665 1010 2677 =
1031 2651 1092 2695 qui
1114 2658 1194 2682 arte
1207 2648 1413 2694 fruebatur.

184 2687 229 2718 Sc
246 2701 293 2714 =
315 2688 439 2721 Catho.
922 2695 1070 2727 dulcior.
1113 2695 1144 2727 G
1167 2701 1202 2727 et
1223 2694 1372 2739 plerique
1401 2696 1570 2728 recentio-

187 2730 311 2764 Habes
341 2741 458 2765 autem
489 2744 559 2765 non
594 2741 731 2767 tamum
768 2748 834 2770 usu
876 2749 947 2771 rum
969 2751 1007 2782 pp
1032 2744 1066 2777 4-
1093 2747 1157 2772 ese.

144 2775 324 2809 amicitiae
340 2795 388 2802 —
405 2779 694 2824 conparationem
712 2794 758 2808 =
783 2781 833 2824 Pp
920 2785 955 2820 6.
993 2786 1080 2816 Α-
1101 2784 1208 2817 Nunc
1224 2802 1271 2809 -
1292 2785 1456 2817 custodia
1479 2783 1571 2816 Iibe-

143 2819 321 2855 Ar'rBVa.
343 2822 517 2856 Accedunt
540 2823 832 2867 GERArg.b1-ell.
877 2835 943 2859 ret.
