1742 3094
179 226 236 269 58
638 227 680 267 11.
713 227 911 267 ANNAEl
941 229 1171 269 SENECAE

180 338 268 380 aliis
286 337 516 394 Pompeium
537 340 822 381 offendentibus
841 339 927 381 aliis
953 338 1167 382 Caesarem
1188 341 1304 382 simul
1318 342 1478 383 lacessit
1494 343 1623 384 duos?

180 405 320 448 Potest
347 406 486 462 aliquis
516 407 713 463 disputare
751 421 802 448 an
831 407 898 448 illo
928 414 1104 463 tempore
1141 410 1382 464 capessenda
1409 410 1528 451 fuerit
1558 423 1621 450 sa-

181 475 303 531 pienti
331 475 566 530 respublica.
629 473 734 528 Quid
762 475 833 516 tibi
864 475 924 516 uis
943 474 1082 517 Marce
1107 474 1236 518 Cato?
1276 477 1353 518 iam
1383 492 1462 518 non
1492 478 1622 533 agitur

183 543 231 584 de
265 543 472 583 libertate:
517 542 606 583 olim
647 543 895 597 pessumdata
925 550 999 584 est.
1072 544 1272 598 quaeritur
1310 552 1440 586 utrum
1471 542 1624 587 Caesar

134 627 166 655 η
184 625 232 652 an
251 608 462 666 Pompeius
492 609 691 665 possideat
718 610 1010 666 rempublicam.
1074 610 1179 666 Quid
1207 612 1276 653 tibi
1307 627 1395 654 cum
1423 613 1499 654 ista
1528 626 1623 654 con·

180 678 387 719 tentione?
417 677 545 718 nullae
568 683 698 732 partes
724 684 814 718 tuae
838 685 944 720 sunt.
1006 676 1199 721 Dominus
1225 680 1403 736 eligitur:
1445 680 1535 736 quid
1553 682 1622 721 tu?

180 744 297 787 Alter
317 745 471 786 uincat:
503 751 633 800 potest
651 745 791 786 melior
817 745 980 787 uincere
995 778 1008 797 ‚
1040 761 1119 787 non
1141 754 1272 802 potest
1297 763 1378 789 non
1399 748 1512 804 peior
1532 762 1623 790 esse

181 813 246 868 qui
267 812 424 854 uicerit.
485 811 651 854 Ultimas
682 819 813 868 partes
837 812 957 868 adtigi
975 810 1166 855 Catonis:
1207 816 1278 856 sed
1297 828 1347 856 ne
1366 816 1519 871 priores
1538 816 1623 870 qui-

181 882 267 921 dem
297 880 389 921 anni
418 881 600 931 fuerunt,
641 880 705 934 qui
736 880 952 935 sapientem
980 880 1024 920 in
1051 880 1156 921 illam
1185 882 1358 937 rapinam
1386 883 1625 938 reipublicae

180 947 442 989 admitterent.
506 946 611 1001 Quid
632 947 736 988 aliud
766 961 878 1001 quam
909 947 1148 989 uociferatus
1172 956 1233 990 est
1252 947 1354 991 Cato
1370 957 1410 991 et
1438 951 1545 992 misit
1562 951 1623 991 in-

179 1015 275 1057 ritas
311 1029 457 1066 uoces,
501 1029 589 1056 cum
626 1016 741 1056 modo
771 1028 842 1069 per
870 1014 1000 1070 populi
1029 1015 1181 1057 leuatus
1211 1031 1351 1058 manus
1381 1025 1422 1058 et
1459 1019 1623 1059 obrutus

180 1083 305 1138 sputis
326 1089 366 1123 et
393 1083 605 1138 portandus
636 1089 750 1123 extra
778 1082 905 1123 forum
934 1082 1179 1134 traheretur,
1225 1085 1340 1125 modo
1363 1099 1384 1126 e
1415 1092 1553 1127 senatu
1581 1086 1622 1126 in

133 1165 165 1192 ¹³
183 1164 382 1192 carcerem
416 1151 653 1192 duceretur?
713 1147 794 1191 Sed
828 1156 964 1205 postea
998 1149 1216 1192 uidebimus
1245 1166 1295 1193 an
1317 1153 1481 1209 sapienti
1504 1167 1623 1209 opera

225 1286 421 1332 quaeritur.
447 1287 543 1322 R‘ztffl
556 1287 643 1321 -ἱῖ
656 1298 830 1331 =quare.

228 1336 282 1370 12.
307 1332 402 1373 Quid
426 1331 491 1364 tu?
536 1332 642 1364 Alter
666 1333 787 1364 vincat
813 1339 876 1364 etc.

261 1389 283 1421 p
306 1378 374 1409 mG
405 1378 565 1420 ΒΕδεμνυ
612 1376 746 1420 quidam
787 1376 878 1409 Pinc-

925 1286 986 1332 qui
1010 1286 1134 1320 vincit.
1168 1287 1259 1331 quod
1282 1288 1405 1332 probat
1425 1288 1540 1329 Pinc.‚
1564 1289 1624 1321 sed

925 1342 987 1375 pro
1035 1332 1144 1364 vincit
1188 1332 1261 1365 vult
1311 1334 1468 1366 vincitur
1512 1333 1621 1370 scribi.

926 1376 1116 1418 1=Quid
1149 1377 1237 1420 tibi,
1273 1389 1321 1410 an
1350 1379 1445 1411 alter
1475 1379 1624 1411 vincat?

182 1425 259 1466 Ops.
275 1422 350 1455 cod.
375 1428 524 1454 vetustus
539 1423 630 1454 Erm.
645 1423 703 1455 PT
714 1423 792 1465 Arg.
805 1421 881 1453 b=

181 1468 276 1510 Quid
301 1476 383 1500 tua
412 1467 506 1499 alter
530 1467 663 1499 vincat.
706 1466 882 1509 0=Quid

181 1521 220 1545 ιιι
243 1521 322 1545 uter
340 1513 470 1546 vincat.
513 1513 691 1553 r=Quid
725 1521 763 1544 ιιι
794 1518 880 1555 spat.

181 1568 254 1589 vac.
298 1558 430 1590 vincae.
485 1558 528 1597 αζ
551 1572 595 1584 =
620 1557 755 1598 Quidni
788 1558 882 1589 alter

180 1603 330 1635 vincat?
353 1604 476 1635 Potest
490 1602 615 1635 melior
628 1603 787 1634 vincere.-
812 1612 882 1633 non

175 1656 294 1693 potest
322 1658 391 1679 non
420 1647 521 1692 peior
545 1659 643 1689 esse,
675 1648 737 1691 qui
766 1647 883 1679 victus

174 1693 311 1738 fuerit,
350 1692 475 1725 melior
509 1693 569 1738 qui
602 1693 699 1724 vicit.
756 1691 881 1724 Eadem

179 1738 282 1772 habet
305 1749 346 1782 γ,
381 1736 442 1770 sed
473 1749 536 1781 pro
561 1737 697 1780 Quidni
719 1753 764 1766 =
789 1737 882 1778 Quid

181 1793 230 1818 ιιι.
271 1785 356 1829 13=
378 1782 589 1826 Quid-tibi
609 1782 704 1815 alter
729 1782 882 1815 vincat?

176 1837 296 1876 potest
338 1829 464 1861 melior
501 1830 663 1869 vincere,
709 1839 780 1860 non
816 1839 880 1870 po—

182 1883 253 1908 test
270 1875 373 1919 peior
393 1885 481 1914 esse,
507 1875 567 1919 qui
590 1873 725 1906 vicerit.
751 1873 879 1916 Rell.pp

180 1920 335 1963 :Quid
358 1919 423 1952 tu?
457 1919 552 1952 alter
575 1920 719 1951 vincere
740 1926 879 1964 potest.-

181 1965 307 1999 melior
342 1966 484 1998 vincere
519 1976 590 1997 non
625 1972 764 2009 potest.-
811 1974 879 1995 non

176 2019 296 2058 potest
310 2010 413 2056 peior
425 2021 514 2050 esse,
537 2010 597 2055 qui
620 2010 734 2041 victus
746 2007 880 2053 fuerit,

181 2056 307 2089 melior
328 2056 389 2100 qui
410 2055 549 2087 vicerit.
597 2054 793 2096 G=Quid
816 2053 880 2086 tu?

180 2102 276 2134 alter
287 2101 432 2133 vincere
439 2108 567 2144 potest.
594 2100 718 2131 melior
738 2099 880 2131 vincere

181 2157 250 2179 non
274 2153 398 2187 potest.
429 2153 546 2189 potest
570 2145 672 2189 peior
695 2155 792 2183 esse,
818 2143 880 2187 qui

182 2190 401 2233 victus-ficit,
426 2190 550 2221 melior
574 2190 634 2233 qui
655 2189 753 2220 vicie.
786 2189 876 2220 Erm-

183 2235 257 2268 cod.
270 2234 352 2267 alius
364 2250 409 2261 =
424 2247 475 2265 ω.
504 2236 627 2266 Potest
647 2233 772 2265 melior
793 2233 876 2264 vin-

181 2293 271 2319 cere,
296 2291 365 2312 non
384 2287 499 2323 potest
519 2279 618 2323 peior
640 2290 718 2310 esse
736 2278 798 2323 qui
818 2277 876 2309 vi-

182 2327 282 2359 cerit.
333 2324 437 2356 Addit
467 2325 577 2355 Erm.:
620 2324 747 2362 „Vetus
775 2321 876 2354 lectio

181 2371 261 2404 mihi
291 2369 394 2413 magis
417 2367 558 2401 arridet:
594 2369 699 2401 Alter
734 2368 876 2400 vincere

178 2423 314 2463 potest,
339 2415 464 2447 melior
488 2425 556 2445 non
579 2421 705 2458 potest.
751 2411 878 2455 reliqua

182 2460 338 2493 videntur
381 2459 511 2492 adiecta
558 2459 600 2491 ab
647 2457 876 2501 iuterprete.“

184 2507 266 2538 Cum
296 2507 385 2537 Erm.
421 2503 588 2537 codicibus
625 2502 878 2535 consentiebant

182 2550 257 2583 libri
282 2551 368 2589 Gn..
394 2556 427 2582 et
447 2549 671 2581 habebant:
696 2548 791 2590 Quid
813 2546 875 2579 tu?

181 2596 272 2630 Pinc.
286 2594 419 2641 quidam
440 2595 572 2630 θῖ-(ξ)
586 2593 737 2636 =Quid
762 2591 879 2625 tum?

182 2641 277 2674 alter
308 2641 452 2673 vincere
477 2647 612 2685 potest,
649 2638 773 2671 melior
794 2637 878 2669 vin-

182 2699 263 2719 cere
285 2697 354 2718 non
383 2692 512 2731 potest.
552 2695 622 2717 non
646 2691 765 2730 potest
799 2694 877 2714 esse

180 2731 292 2777 peior,
314 2731 375 2776 qui
392 2730 507 2763 victus
516 2729 648 2774 fuerit,
673 2727 796 2760 melior
816 2727 877 2772 qui

182 2777 320 2809 vicerit.
369 2774 431 2807 Alii
451 2775 598 2807 Pluc.=
612 2773 706 2816 Quid
726 2772 803 2814 tibi,
829 2784 876 2803 an

182 2822 277 2854 alter
301 2819 451 2854 vincat?
488 2822 611 2853 Potest
639 2819 764 2852 melior
793 2819 874 2849 vin-

183 2880 279 2900 cere:
317 2876 388 2900 non
417 2873 534 2911 potest
564 2876 634 2898 non
656 2875 733 2897 esse
762 2863 874 2908 peior,

923 1429 1043 1467 potest
1073 1421 1197 1454 melior
1220 1423 1383 1464 vincere,
1417 1436 1486 1456 non
1506 1433 1625 1470 potest

923 1467 1027 1513 peior
1051 1479 1140 1507 esse,
1165 1469 1226 1512 qui
1251 1468 1474 1515 victus-fuit.-
1499 1470 1624 1502 melior

928 1512 990 1556 qui
1012 1512 1135 1544 vincit.
1178 1513 1320 1549 ‘Di—23
1333 1518 1364 1552 l·
1376 1530 1421 1542 =
1433 1515 1527 1557 Quid
1548 1524 1623 1556 lua,

928 1565 1007 1588 uter
1038 1557 1186 1590 vincat?
1222 1559 1347 1592 melior
1376 1560 1520 1593 vincere
1553 1572 1624 1592 non

925 1609 1052 1646 potest.
1088 1610 1206 1646 potest
1228 1615 1306 1636 esse
1323 1605 1447 1649 peior,
1480 1605 1543 1650 qui
1565 1606 1624 1638 vi-

928 1655 1005 1678 ctus
1017 1645 1151 1691 fuerit:
1174 1659 1243 1679 non
1262 1657 1380 1693 potest
1403 1650 1540 1691 melior,
1563 1651 1623 1696 qui

928 1691 1066 1725 vicerit.
1099 1692 1155 1726 {Ru
1165 1710 1213 1716 —
1223 1693 1257 1727 ἕ
1277 1705 1318 1725 ex
1330 1694 1459 1727 emend.
1471 1694 1564 1739 Lips.
1576 1711 1622 1723 ε

928 1736 1023 1779 Quid
1044 1745 1118 1777 tua,
1141 1745 1220 1769 uter
1242 1739 1390 1772 vincat?
1410 1748 1527 1785 pote-52
1547 1753 1621 1773 me—

927 1783 997 1814 lior
1027 1782 1170 1815 vincere
1201 1789 1266 1816 etc.
1301 1795 1400 1827 quam
1425 1784 1622 1829 scripturam

926 1838 1006 1859 sane
1027 1827 1220 1870 probabam,
1242 1828 1270 1860 si
1292 1828 1532 1863 defenderetur
1547 1842 1622 1863 me-

925 1870 1015 1904 lioris
1040 1872 1113 1904 cod.
1131 1873 1350 1906 auctoritate:
1386 1886 1462 1907 nam
1488 1887 1570 1907 unus
1593 1887 1620 1916 o,

927 1916 983 1961 qui
1004 1925 1082 1950 uter
1108 1917 1259 1961 profert,
1283 1930 1351 1952 non
1370 1931 1446 1952 raro
1466 1919 1620 1964 interpo—

925 1962 1011 1994 latus
1031 1968 1100 2002 est,
1134 1969 1170 1994 et
1190 1970 1300 1996 servat
1319 1964 1410 2008 prius
1431 1965 1526 2006 Quid
1554 1973 1592 1998 ιιι
1604 1965 1622 1998 ,9

925 2008 1116 2050 R=Quid
1135 2007 1237 2040 tum?
1269 2009 1364 2042 alter
1389 2011 1533 2043 vincere
1551 2022 1619 2056 po-

926 2060 1006 2085 test.
1031 2053 1157 2085 melior
1170 2053 1313 2087 vincere
1322 2066 1392 2087 non
1400 2063 1527 2100 potest.
1550 2067 1621 2088 mm

923 2105 1039 2142 potest
1070 2098 1170 2142 peior
1200 2111 1297 2138 esse,
1333 2101 1395 2144 qui
1427 2101 1620 2133 victurus

920 2141 1035 2185 fuerit
1060 2143 1232 2187 [s=nec]
1251 2144 1384 2183 melior,
1405 2145 1468 2188 qui
1480 2145 1618 2178 vicerit.

969 2199 991 2230 p
1004 2187 1126 2219 :sed
1147 2198 1212 2219 nec
1229 2191 1372 2233 priores
1394 2189 1494 2222 anni.

967 2232 1007 2263 in
1025 2232 1127 2264 illam
1144 2233 1322 2275 rapinam.
1354 2234 1617 2269 Ἧί--τι-ιιιήηηι.

968 2285 1002 2308 et
1020 2277 1130 2309 misit.
1176 2278 1206 2309 G
1219 2277 1268 2321 (l.)
1282 2279 1443 2314 'ltili—23
1454 2295 1500 2307 =
1520 2293 1540 2311 c
1551 2293 1573 2312 ιι
1585 2292 1619 2312 m

920 2322 1029 2354 misit.
1055 2322 1085 2353 R
1097 2337 1142 2350 =
1159 2335 1178 2354 c
1188 2335 1211 2355 ιι
1222 2335 1255 2354 m
1279 2335 1301 2355 a
1313 2324 1424 2356 misit.

966 2366 1101 2399 inritas
1129 2379 1240 2402 voces.
1287 2369 1320 2403 3?
1331 2385 1378 2392 --
1389 2369 1454 2407 (82.
1464 2384 1509 2397 =
1523 2370 1566 2402 ir
1574 2381 1618 2402 a-

923 2420 997 2444 tas
1017 2423 1130 2445 voces.

970 2464 1073 2489 extra
1088 2456 1221 2501 forum.
1231 2460 1234 2461 ⁷
1245 2458 1277 2494 ,G
1291 2477 1333 2483 —-
1348 2465 1462 2491 extra.
1602 2497 1606 2499 ,

969 2502 1040 2536 Βῦὶί
1064 2520 1111 2526 -—
1134 2511 1168 2535 et
1195 2503 1409 2548 portandus.
1461 2503 1553 2548 quod
1582 2503 1616 2536 in

923 2546 1144 2589 suspicionem
1174 2547 1309 2580 omnino
1331 2554 1466 2592 poterat
1492 2547 1614 2581 venire.

924 2591 1015 2623 Pinc.
1039 2591 1077 2624 ci.
1090 2609 1136 2621 =
1147 2593 1392 2638 deportandus
1403 2592 1472 2625 sive
1487 2604 1617 2639 expor-

924 2637 1067 2669 tandus.
1105 2639 1167 2674 665
1180 2654 1225 2666 =
1237 2637 1490 2683 deportandus.

971 2695 990 2714 e
1006 2691 1144 2716 senatu.
1178 2684 1291 2726 PAsg.
1304 2683 1325 2715 b
1336 2683 1366 2719 ‘K
1376 2698 1420 2710 ===
1432 2694 1454 2714 a
1475 2691 1615 2715 senatu.

923 2729 952 2760 T
965 2747 1006 2752 -
1018 2740 1046 2760 e.

971 2776 1023 2810 13.
1060 2771 1278 2814 videbimus,
1316 2783 1376 2804 an.

923 2829 945 2849 n
958 2829 980 2849 ιι
991 2829 1036 2850 m.

967 2874 1016 2896 an
1040 2862 1197 2908 sapienti
1221 2872 1330 2907 opera
1351 2863 1535 2908 perdenda
1557 2863 1616 2896 sit.

1425 2772 1450 2804 P
1473 2788 1518 2801 ε
1540 2773 1613 2806 vid.
