1742 3094
190 214 246 258 36
646 213 687 253 L.
721 212 916 252 ANNAEI
947 212 1176 252 SENECAE

193 327 287 369 tatis
309 325 502 380 quomodo
523 323 718 365 bominem
745 324 891 365 homini
917 331 1055 366 natura
1084 315 1291 376 conciliat,
1337 324 1394 366 sic
1413 323 1520 365 inest
1540 324 1629 365 huic

196 407 350 450 quoque
386 393 446 434 rei
484 392 685 444 stimulus,
733 393 798 447 qui
833 406 906 433 nos
939 392 1194 433 amicitiarum
1232 393 1458 449 adpetentes
1497 392 1626 433 faciat.

194 451 460 502 Nihilominus
499 474 587 501 cum
624 460 676 501 sit
703 459 917 501 amicorum
957 460 1267 512 amantissimus,
1322 474 1410 500 cum
1437 459 1526 500 illos
1555 458 1630 500 sibi

196 534 406 583 conparet,
437 541 554 583 saepe
573 528 794 583 praeferat:
839 541 954 568 omne
978 527 1080 567 intra
1108 540 1152 568 se
1178 527 1322 568 bonum
1347 526 1571 567 terminabit·
1594 532 1634 566 et

197 595 302 636 dicet
326 595 428 649 quod
453 593 608 636 Stilbon
630 594 695 635 ille
718 594 842 647 dixit,
884 592 1039 637 Stilbon
1058 608 1181 649 ⁴quem
1204 593 1365 650 Epicuri
1391 593 1555 649 epistula
1573 592 1634 634 in-

198 662 389 716 sequitur.
452 661 528 703 Hic
555 662 658 703 enim
685 669 794 717 capta
821 662 945 718 patria
972 661 1127 702 amissis
1158 661 1294 702 liberis
1330 661 1475 702 amissa
1506 672 1634 702 uxore

200 744 287 771 cum
319 742 372 770 ex
397 729 578 770 incendio
609 729 762 785 publico
792 730 899 770 solus
931 736 971 770 et
987 726 1126 770 tamen
1151 728 1287 770 beatus
1317 728 1470 780 exiret,
1513 728 1635 769 inter-

200 796 354 851 roganti
379 794 584 837 Demetrio
598 827 609 847 ,
653 796 716 836 cui
746 810 965 851 cognomen
993 796 1041 837 ab
1071 796 1194 836 exitio
1217 796 1370 837 urbium
1391 794 1636 837 Poliorcetes

203 863 298 905 suit:
334 862 554 918 Numquid
572 863 871 917 perdidisset?
914 861 1098 913 Omnia,
1127 862 1273 916 inquit,
1304 861 1419 904 bona
1440 875 1536 904 mea
1554 875 1639 903 me-

154 945 187 973 1⁶
204 942 297 972 mem
337 934 448 971 sunt.
519 928 627 970 Ecce
671 929 735 970 uir
769 930 881 971 fortis
916 944 962 970 ac
998 929 1211 970 strenuus!
1257 929 1381 984 ipsam
1412 929 1537 970 hostis
1575 928 1637 970 sui

201 996 406 1038 uictoriam
433 996 543 1037 uicit.
619 996 767 1047 Nihil,
797 997 945 1051 inquit,
973 996 1181 1051 perdidi.-
1211 996 1387 1037 dubitare
1415 996 1523 1037 illum
1547 1009 1638 1038 coe-

202 1064 282 1119 git,
321 1077 371 1104 an
394 1063 572 1104 uicisset.
637 1063 795 1105 Omnia
820 1078 915 1105 mea
943 1077 1103 1105 mecum
1127 1068 1249 1105 sunt.-
1288 1063 1460 1116 iustitia,
1492 1063 1636 1115 uirtus,

201 1130 428 1188 prudentia,
458 1130 532 1171 hoc
552 1131 678 1186 ipsum
699 1130 796 1171 nihil
820 1131 964 1172 bonum
976 1137 1112 1186 putare
1130 1131 1232 1185 quod
1250 1131 1348 1186 eripi
1362 1136 1512 1185 posset.
1557 1127 1638 1171 Mi-

201 1211 336 1239 ramur
358 1197 538 1238 animalia
560 1197 769 1252 quaedam,
802 1212 901 1253 quae
922 1211 993 1254 per
1012 1197 1162 1239 medios
1182 1198 1295 1252 ignes
1314 1197 1400 1239 sine
1423 1211 1530 1238 noxa
1551 1210 1639 1237 cor-

202 1279 340 1321 porum
369 1271 601 1305 transeunt:
643 1271 785 1319 quanto
805 1265 869 1306 hic
891 1265 1106 1306 mirabilior
1129 1265 1214 1317 uir,
1247 1264 1313 1319 qui
1337 1277 1407 1320 per
1428 1265 1576 1305 ferrum
1601 1269 1643 1304 et

155 1344 185 1372 17
202 1331 337 1372 ruinas
363 1337 403 1372 et
424 1331 536 1386 ignes
561 1332 720 1372 illaesus
750 1338 790 1372 et
809 1331 1002 1373 indemnis
1034 1331 1184 1373 euasit!
1231 1330 1377 1383 Uides,
1411 1337 1553 1386 quanto
1583 1332 1640 1372 fa-

202 1397 314 1439 cilius
341 1397 394 1439 sit
415 1404 537 1439 totam
566 1405 723 1453 gentem
748 1412 862 1452 quam
889 1413 1009 1439 unum
1030 1399 1160 1440 uirum
1190 1398 1366 1439 uincere.
1427 1397 1537 1439 Haec
1559 1411 1642 1439 uox

200 1464 257 1507 illi
277 1465 495 1506 communis
512 1471 574 1506 est
593 1479 680 1506 cum
696 1463 859 1507 Stoico:
893 1479 1016 1520 aeque
1036 1465 1154 1506 ethic
1173 1465 1319 1506 intacta
1339 1465 1441 1506 bona
1458 1477 1531 1520 per
1546 1479 1641 1506 con-

202 1539 394 1574 crematas
426 1531 545 1572 urbes
569 1533 659 1572 fert.
722 1530 778 1573 Se
801 1533 904 1573 enim
932 1533 1017 1587 ipse
1043 1539 1250 1573 contentus
1283 1538 1369 1572 est:
1410 1533 1483 1573 hoc
1517 1532 1641 1573 felici-

201 1605 321 1640 tatem
358 1612 467 1639 suam
504 1598 581 1639 fine
611 1598 802 1653 designat.
863 1598 929 1640 Ne
960 1598 1164 1639 existimes
1202 1613 1276 1640 nos
1313 1599 1419 1640 solos
1447 1612 1643 1655 generosa

201 1666 324 1706 uerba
346 1665 517 1706 iactare:
551 1672 591 1705 et
611 1665 695 1721 ipse
718 1663 907 1707 Stilbonis
931 1665 1158 1720 obiurgator
1176 1664 1371 1721 Epicurus
1394 1666 1560 1708 similem
1584 1666 1640 1707 illi

245 1754 440 1788 societatis.
474 1765 491 1788 ε
511 1754 540 1789 'ts
553 1759 588 1793 -ὗ-
609 1754 742 1800 placet.
775 1766 796 1798 γ
813 1759 848 1794 -4-
866 1764 901 1788 et

200 1801 785 1889 ssffi‘ffisssssspggfffffiffi‘ss‘m‘
818 1803 901 1833 ’ω’

246 1890 289 1921 rB
301 1890 350 1934 βμ
365 1890 408 1921 Sc
419 1890 448 1924 2(
458 1904 503 1916 =
514 1890 742 1923 naturaliter.

248 1934 279 1965 G
293 1938 328 1973 -ὶ-
348 1946 367 1966 e
379 1942 393 1966 t
413 1935 554 1967 ter-min.
576 1943 611 1967 et
629 1935 734 1967 dicet.

245 1978 383 2011 Stilbon
406 1979 479 2011 ille.
516 1979 547 2011 G
559 1981 622 2020 αζτ
635 1995 680 2008 =
702 1980 754 2012 St.
780 1980 795 2012 ι’
799 1991 827 2025 p
839 1992 857 2012 s
867 1991 897 2013 e.

201 2024 230 2055 A
241 2023 360 2056 -ille
376 2023 471 2056 dixit
479 2041 526 2048 --
536 2025 746 2069 insequitur.

247 2068 395 2107 Stilbon,
412 2080 523 2112 quem.
547 2069 671 2107 nescio,
692 2080 749 2101 cur
763 2068 819 2100 hic
832 2079 899 2101 no-

199 2122 277 2145 men
306 2111 453 2145 omiserit
481 2114 562 2144 Sw.:
598 2113 720 2156 legitur
749 2113 837 2145 enim
863 2113 898 2144 in

198 2156 284 2190 meis
311 2155 360 2188 n.·
379 2156 530 2188 omnibus
558 2164 692 2200 praeter
720 2158 751 2189 V
773 2158 820 2200 (et
842 2158 897 2198 A),

199 2211 263 2234 nec
281 2200 392 2233 Oberl.
420 2200 536 2233 abesse
558 2200 600 2232 ab
621 2204 700 2244 Arg.
724 2201 746 2233 b
769 2200 898 2243 signifi-

199 2244 297 2283 eavit.

244 2290 437 2323 Demetrio.
462 2292 492 2322 A
508 2294 542 2328 -l-
554 2289 726 2335 principi.

244 2334 363 2367 AG==
378 2334 646 2380 poliotiorcites.
690 2335 719 2370 X
732 2349 776 2363 =
796 2335 898 2369 Poli-

200 2387 329 2413 crates.

247 2423 307 2456 Gr.
343 2423 415 2456 fere
452 2433 567 2456 omnes
586 2438 631 2452 =
650 2424 833 2470 Numquid
853 2442 896 2448 —

201 2468 350 2502 omnia?
373 2470 502 2502 Omnia
521 2470 648 2515 inquit.

248 2509 302 2546 16.
336 2512 516 2554 E=Ecce
534 2513 612 2546 hic
630 2512 738 2560 virs.

247 2559 376 2591 Omnia
388 2570 474 2592 mea.
487 2559 518 2592 T
531 2562 566 2597 -Ι-
582 2559 700 2591 omnia
719 2558 799 2591 bon
809 2570 832 2591 a
849 2569 896 2591 m.

199 2613 218 2636 r
231 2606 266 2642 -Ι-
284 2604 412 2636 Omnia
434 2617 453 2636 e
465 2614 488 2635 n
500 2604 559 2635 im
579 2615 666 2637 mea.

246 2648 373 2680 virtus.
398 2648 427 2680 R
440 2646 507 2681 Ρ3.
521 2646 555 2680 4.
583 2648 653 2681 Col.
677 2649 713 2683 {R
725 2667 764 2673 —
776 2648 840 2683 ΨΜ
855 2652 891 2686 -ἱ-

201 2693 450 2738 temperantia.
484 2693 527 2724 [Β
539 2692 679 2725 eandem
696 2704 814 2725 vocem
831 2692 896 2725 ad-

202 2736 286 2770 dunt
305 2743 383 2781 post
401 2737 607 2782 prudentia.
631 2737 715 2770 Ren.
728 2737 794 2770 mei
806 2743 841 2770 et
855 2749 895 2770 ex

199 2783 429 2861 εὲᾱέῗδαεὲἕῖζ
447 2783 591 2862 εὲιὲῐέἑῃῗε.
609 2783 687 2827 Ops.
698 2782 724 2815 P
737 2781 766 2815 1.
780 2780 813 2814 2.
829 2782 896 2815 hoe

994 1754 1025 1786 G
1036 1765 1079 1797 αγ
1088 1769 1134 1782 =
1147 1755 1245 1787 nihil
1260 1754 1351 1788 boni.

991 1800 1085 1844 eripi
1100 1808 1224 1845 posset
1233 1815 1279 1828 =
1293 1801 1349 1833 ΡΑ
1358 1812 1376 1832 r
1388 1800 1446 1833 GB
1457 1800 1487 1835 Ἰί
1509 1811 1547 1845 ρρ
1567 1812 1638 1833 exc.

946 1856 990 1888 γι,
1015 1843 1071 1887 qui
1095 1855 1169 1876 cum
1187 1856 1210 1887 p
1230 1845 1638 1891 Rffl—&=possit.

945 1890 998 1921 De
1018 1888 1136 1921 ceteris
1158 1900 1226 1922 non
1248 1896 1389 1922 constat.

990 1934 1022 1967 V
1030 1948 1076 1961 =
1085 1934 1327 1968 Admiramur.

991 1990 1013 2022 p
1026 1993 1073 2007 =
1082 1986 1257 2012 transeat.

991 2035 1012 2067 γ
1021 2039 1067 2052 =
1076 2023 1256 2058 incedunt.

989 2079 1006 2102 ν
1018 2083 1063 2096 =
1075 2069 1253 2101 indemnis
1275 2069 1399 2103 exivit.

978 2110 1046 2163 ⁸17.
1069 2115 1100 2145 A
1111 2131 1155 2136 —
1167 2114 1268 2145 Haec
1286 2124 1354 2145 vox
1363 2131 1409 2138 —-
1420 2114 1493 2146 iam
1505 2125 1639 2159 expun-

944 2168 1019 2278 2¹⁸1
1029 2211 1162 2277 Y'cum
1173 2200 1312 2234 Stoicis.
1336 2204 1371 2234 E
1383 2210 1508 2236 contra
1521 2211 1556 2236 et
1570 2203 1638 2236 laic.

983 2257 1200 2335 G-——lccieque
1222 2290 1237 2322 i
1246 2290 1308 2323 lli
1328 2292 1479 2326 intacta.

990 2334 1036 2367 Se
1054 2335 1158 2367 enim.
1182 2346 1252 2366 r—
1263 2337 1370 2368 enim.

943 2380 1130 2457 ανξιὲεεω-ῖ
1149 2380 1201 2466 ἐξ)
1212 2380 1476 2461 ΤξΐὸἒθὲΟδΞὶ-ἒ.
1490 2380 1636 2447 -n-otavit

945 2468 976 2501 G
990 2469 1033 2503 52<
1064 2436 1211 2514 —gmes
1241 2470 1292 2502 De
1313 2442 1447 2515 reffiuis
1462 2435 1536 2504 ῗιῖιι-
1549 2438 1636 2504 2,)ῗέ

942 2519 1009 2546 stat
1019 2538 1029 2554 ‚
1053 2519 1162 2546 utrum
1183 2513 1304 2547 ferant.

989 2558 1270 2592 G=contentus
1289 2567 1344 2592 est
1367 2561 1461 2593 em'm
1469 2560 1552 2604 fine
1562 2557 1635 2604 fel.

942 2614 1062 2687 Sugm-i-
1079 2648 1145 2681 hoc
1174 2661 1193 2681 e
1204 2660 1227 2681 n
1238 2648 1295 2681 im
1317 2646 1390 2694 sel.
1421 2661 1449 2682 s.
1472 2649 1634 2692 γὲκοτε

942 2692 1233 2739 hocenimfinef.
1250 2706 1280 2727 s.
1293 2693 1494 2726 r=hanc
1513 2695 1635 2727 enim

932 2737 1019 2815 feli}
1029 2751 1074 2813 επ
1085 2782 1169 2816 Non
1187 2783 1334 2816 extimes
1350 2787 1385 2814 et
1407 2781 1496 2818 infra
1517 2794 1633 2829 quan-

941 2835 1023 2862 tum.
