1742 3094
188 176 274 219 380
647 175 692 216 L.
722 175 919 215 ANNAEI
951 176 1180 216 SENECAE

190 304 305 332 num:
341 287 441 330 Cato
459 289 524 330 illa
540 289 818 336 honestissime
836 303 930 330 usus
951 296 1024 341 est,
1045 283 1268 345 turpissime
1282 286 1442 331 Brutus.
1489 286 1630 331 Omnis

189 372 257 400 res
288 358 389 413 quod
429 372 509 399 non
547 357 681 399 habuit
708 358 827 399 decus
869 359 1013 399 uirtute
1047 358 1175 399 addita
1206 358 1337 399 sumit.
1400 355 1631 400 Cubiculum

189 425 359 468 lucidum
393 426 572 468 dicimus.
633 426 707 467 hoc
739 426 841 467 idem
868 425 1186 467 obscurissimum
1218 433 1278 468 est
1301 433 1439 468 nocte:
1473 426 1556 467 dies
1577 425 1632 466 illi

190 494 318 536 lucem
343 495 535 545 infundit,
568 509 650 536 nox
678 494 807 549 eripit.
871 492 940 535 Sic
961 494 1047 535 istis
1072 508 1171 550 quae
1190 509 1213 536 a
1239 494 1351 536 nobis
1370 493 1634 535 indifferentia

191 577 238 604 ac
264 562 392 604 media
416 562 620 614 dicuntur,
653 562 820 613 diuitiis,
852 562 1018 613 uiribus,
1051 563 1214 615 formae,
1248 562 1476 614 honoribus,
1508 576 1633 617 regno

192 638 233 672 et
264 638 401 672 contra
434 630 572 682 morti,
618 629 761 681 exilio,
805 630 931 670 malae
966 630 1193 682 ualitudini,
1226 631 1424 672 doloribus
1456 644 1634 686 quaeque

194 698 270 739 alia
291 705 358 739 aut
382 698 510 739 minus
535 705 602 739 aut
622 698 747 752 magis
776 697 1046 753 pertimuimus
1074 704 1141 739 aut
1161 698 1307 740 malitia
1334 706 1402 740 aut
1423 698 1549 740 uirtus
1570 698 1635 739 dat

144 780 177 807 13
194 766 287 807 boni
310 765 376 806 uel
395 766 486 806 mali
512 779 671 807 nomen.
730 764 867 807 Massa
892 779 963 821 per
986 779 1029 807 se
1053 779 1126 807 nec
1146 766 1269 807 calida
1289 780 1362 807 nec
1381 766 1522 821 frigida
1546 772 1631 807 est:

191 835 233 875 in
254 835 453 875 fornacem
475 834 655 875 coniecta
677 834 888 885 concaluit,
909 833 949 874 in
969 847 1110 889 aquam
1130 834 1298 876 remissa
1316 834 1488 875 refrixit.
1520 832 1635 875 Mors

192 902 360 944 honesta
380 910 443 944 est
468 916 538 958 per
559 902 654 943 illud
677 903 777 957 quod
801 902 1006 943 honestum
1030 909 1106 954 est,
1139 902 1178 943 id
1198 909 1259 944 est
1281 902 1405 944 uirtus
1425 909 1465 943 et
1483 901 1636 943 animus

193 978 362 1012 externa
387 978 660 1012 contemnens.
722 969 800 1012 Est
826 977 867 1011 et
892 970 1056 1022 horum,
1087 968 1242 1022 Lucili,
1275 984 1375 1025 quae
1397 970 1634 1026 adpellamus

191 1039 320 1080 media
357 1039 504 1094 grande
537 1038 762 1079 discrimen.
831 1037 926 1079 Non
962 1038 1065 1079 enim
1097 1038 1154 1079 sic
1183 1052 1290 1079 mors
1319 1038 1548 1079 indifferens
1577 1044 1639 1079 est

194 1107 387 1162 quomodo
404 1114 533 1147 utrum
559 1106 717 1162 capillos
741 1120 855 1162 pares
875 1105 1044 1147 habeas:
1076 1120 1184 1147 mors
1215 1106 1320 1147 inter
1347 1106 1414 1147 illa
1446 1113 1508 1148 est
1537 1120 1636 1161 quae

146 1186 178 1214 1⁴
195 1175 297 1216 mala
317 1174 471 1229 quidem
497 1189 576 1215 non
606 1180 722 1226 sunt,
755 1181 886 1215 tamen
909 1174 1054 1215 liabent
1076 1173 1165 1215 mali
1182 1174 1369 1230 speciem.
1430 1173 1502 1217 Sui
1527 1189 1638 1216 amor

193 1250 255 1284 est
279 1249 318 1284 et
345 1242 598 1298 permanendi
621 1242 960 1297 conseruandique
991 1255 1036 1283 se
1065 1242 1183 1283 insita
1210 1242 1392 1283 uoluntas
1422 1249 1538 1298 atque
1570 1242 1637 1284 ad-

194 1310 393 1367 spernatio
423 1306 720 1362 dissolutionis,
753 1310 844 1365 quia
870 1310 1026 1351 uidetur
1055 1310 1176 1352 multa
1208 1310 1321 1352 nobis
1353 1310 1457 1352 bona
1483 1310 1636 1366 eripere

194 1386 235 1421 et
258 1393 331 1420 nos
353 1392 407 1420 ex
428 1378 499 1419 hac
519 1378 580 1419 cui
602 1378 852 1420 adsueuimus
875 1392 1006 1419 rerum
1029 1378 1140 1434 copia
1161 1378 1345 1420 educere.
1391 1377 1463 1420 Illa
1484 1370 1637 1434 quoque

194 1461 260 1489 res
296 1447 414 1488 morti
448 1461 520 1488 nos
548 1445 715 1498 alienat,
748 1447 850 1501 quod
886 1446 983 1487 haec
1016 1446 1091 1487 iam
1116 1445 1320 1498 nouimus,
1359 1446 1428 1488 illa
1458 1447 1504 1488 ad
1538 1460 1637 1502 quae

196 1514 398 1557 transituri
422 1529 556 1556 sumus
584 1514 782 1556 nescimus
808 1514 935 1570 qualia
957 1514 1038 1555 sint
1060 1521 1100 1556 et
1121 1514 1326 1556 horremus
1343 1515 1494 1571 ignota.
1553 1514 1638 1556 Na-

194 1583 331 1624 turalis
353 1589 559 1638 praeterea
583 1582 832 1623 tenebrarum
857 1589 985 1622 metus
1012 1589 1073 1623 est
1099 1582 1141 1623 in
1172 1596 1267 1638 quas
1293 1583 1506 1624 adductura
1532 1596 1639 1623 mors

147 1659 180 1687 15
198 1651 385 1693 creditur.
446 1648 584 1704 Itaque
616 1649 731 1690 etiam
761 1650 794 1691 si
816 1650 1046 1691 indifferens
1076 1663 1183 1691 mors
1208 1657 1290 1702 est,
1323 1664 1403 1691 non
1433 1657 1562 1691 tamen
1591 1664 1639 1691 ea

197 1726 258 1761 est
295 1732 394 1774 quae
424 1717 539 1759 facile
571 1718 727 1773 neglegi
757 1718 908 1774 possit:
950 1732 1094 1773 magna
1127 1717 1414 1760 exercitatione
1443 1718 1639 1760 durandus

195 1821 275 1855 vel
296 1820 391 1853 des.
453 1818 553 1852 GPl.
566 1819 692 1853 Col.=
705 1820 828 1852 Omnis
840 1831 899 1853 res

196 1867 287 1913 qui.
334 1862 631 1899 P2.4.=0muis
654 1878 712 1899 res
736 1877 863 1912 quae.

240 1913 269 1944 R
286 1913 344 1956 (cr.
367 1911 420 1955 ω)
437 1927 482 1939 =
497 1913 578 1944 dies
611 1912 669 1945 illi
692 1911 803 1944 lucem
836 1912 898 1944 in-

187 1957 290 2004 fund
300 1970 322 1990 u
334 1969 358 1989 n
369 1966 396 1990 ι.
466 1957 569 2001 Arg.b
581 1977 623 1983 —-
635 1957 781 1991 viribus.
815 1958 844 1992 Χ
853 1972 899 1984 =

198 2002 418 2043 moribus,
432 2001 592 2047 formae.
640 2002 898 2047 w=forma,

943 1826 979 1852 te
1005 1820 1058 1853 sic
1083 1832 1190 1853 mors.
1263 1820 1294 1853 G
1306 1836 1351 1849 =
1363 1821 1532 1867 quomodo
1566 1833 1638 1853 ve-

945 1879 964 1899 r
973 1878 995 1898 u
1008 1879 1042 1898 m
1063 1867 1225 1912 capillos.
1258 1879 1276 1899 r
1285 1882 1330 1895 =
1340 1875 1456 1899 utrum
1479 1877 1556 1911 cap.
1569 1865 1638 1899 Iza-

946 1911 1053 1945 Beat
1082 1925 1164 1958 par
1177 1921 1250 1945 tes.
1298 1924 1381 1944 w==
1393 1911 1548 1945 habeat.

944 1958 969 1990 P
979 1956 1011 1990 2.
1023 1956 1057 1991 3.
1080 1959 1138 1994 923ss
1157 1976 1205 1983 —
1226 1958 1260 1993 Β
1290 1962 1324 1997 -1-
1351 1970 1460 2002 pares
1493 1955 1640 1995 habeas,

945 2015 968 2035 n
979 2016 997 2035 e
1006 2016 1025 2036 c
1035 2015 1058 2035 n
1069 2017 1098 2036 e.
1126 2003 1212 2036 Rell.
1227 2003 1328 2036 etiam
1341 2004 1400 2036 Gr.
1417 2015 1468 2035 ω.

198 2048 401 2082 honoribus·
461 2049 490 2080 R
502 2064 547 2077 =
559 2049 739 2082 doloribus
762 2060 821 2081 om
831 2060 853 2080 n
862 2049 899 2081 i-

198 2094 372 2139 basque
396 2094 523 2127 aliis
546 2103 608 2127 auc
633 2096 760 2127 minus.

246 2149 300 2183 13.
325 2163 342 2182 r
351 2166 397 2178 =
408 2162 431 2182 n
443 2162 492 2182 on
516 2151 649 2183 calida.
686 2153 760 2196 βε
769 2151 899 2182 remis-

200 2207 243 2229 sa
266 2194 360 2239 refri
369 2208 395 2240 g
404 2208 426 2227 u
438 2197 484 2227 ic.
535 2198 607 2236 ξε
618 2208 701 2229 rem.
728 2195 847 2240 refrig
858 2207 898 2227 e-

199 2241 310 2274 scit.
338 2241 520 2274 21=rem.
542 2240 755 2285 restinxit.
814 2252 898 2271 w=

199 2298 263 2332 per
285 2285 360 2317 illu
371 2298 404 2317 m
426 2298 448 2330 q
458 2298 480 2317 u
491 2298 509 2316 e
520 2298 553 2317 m
571 2289 679 2318 hones
688 2294 701 2317 ι
711 2298 734 2318 a
745 2293 770 2317 t.
795 2285 898 2328 Arg.b

199 2344 216 2367 ν
238 2331 454 2375 nonnullique
477 2330 532 2362 alii
557 2343 594 2373 pp
610 2332 643 2365 §R
652 2349 698 2354 —
708 2332 740 2365 z
749 2345 794 2358 =
805 2330 898 2375 quod

200 2377 293 2411 laone
304 2388 322 2408 s
333 2385 346 2408 t
357 2389 380 2409 a
413 2384 477 2409 est.
548 2377 572 2408 P
583 2374 642 2408 Pl.
654 2391 697 2403 =
709 2376 749 2408 id
783 2377 899 2408 virtus

202 2434 268 2456 om.
289 2430 353 2455 est.
390 2421 494 2465 Arg.b
506 2421 577 2453 Col.
590 2422 618 2456 ’ὶί
628 2437 673 2449 =
685 2421 724 2453 id
735 2435 753 2453 e
764 2433 796 2453 m
821 2422 898 2454 vir-

202 2476 270 2502 tus.
342 2467 402 2500 PG
413 2466 516 2510 Arg.b
527 2466 653 2511 antiqq.
669 2479 705 2510 pp
719 2465 778 2499 P1.
789 2465 822 2499 2.
833 2467 898 2502 '112st

200 2514 380 2550 -ZOEMS
390 2528 436 2541 =
446 2520 505 2545 ext
514 2525 533 2544 r
544 2525 563 2545 e
572 2525 605 2544 m
617 2525 640 2545 a
661 2521 898 2546 contemnens.

249 2560 455 2594 0=Sunt
477 2566 511 2591 et
535 2558 899 2603 horum—magna

205 2605 446 2637 discrimina.
515 2602 583 2637 1³3.
593 2602 626 2636 4.
637 2605 696 2639 'IOE‘
711 2607 740 2641 1·
755 2623 798 2628 —
811 2605 844 2639 Ξ
854 2620 898 2632 =

202 2653 235 2682 E
244 2662 262 2682 s
272 2658 287 2682 t
323 2658 357 2682 et
381 2650 504 2682 llorum
523 2667 569 2679 —.-
588 2649 730 2694 grande
764 2649 898 2682 discri-

203 2707 293 2728 men.
340 2695 424 2727 Rell.
448 2695 547 2727 etiam
579 2697 637 2728 Gr.
657 2711 702 2723 =
723 2695 781 2727 Su
793 2707 815 2727 n
829 2703 844 2728 t
854 2713 901 2720 ·—-

203 2741 346 2786 grande
359 2740 564 2773 discrimen.
593 2741 671 2776 {R—
681 2742 714 2776 Β
726 2755 772 2768 =
785 2742 812 2773 S
822 2754 842 2772 u
854 2752 876 2772 n
887 2748 902 2773 ι

208 2795 241 2818 et
263 2799 282 2818 e
292 2797 399 2828 osum
412 2812 419 2825 ‚
445 2787 502 2818 mi
523 2786 652 2820 Lucili.
697 2786 801 2829 Arg.b
813 2787 847 2822 {R
857 2805 903 2811 —

207 2833 240 2867 >B
250 2847 295 2861 =
305 2832 428 2878 appell
437 2843 493 2865 a‘n
504 2840 518 2865 t
529 2844 553 2865 u
562 2845 592 2867 r.
651 2844 725 2864 r—-
735 2832 829 2865 enim
840 2844 903 2865 an—

950 2054 984 2088 ÷
1003 2061 1097 2082 mors
1121 2061 1174 2094 qu
1187 2049 1201 2081 i
1213 2049 1238 2081 d
1247 2061 1309 2083 em
1333 2050 1426 2082 inter
1451 2048 1520 2081 illa
1537 2002 1640 2079 arg-L,

944 2095 1033 2127 mali
1055 2100 1134 2126 ante
1157 2095 1318 2139 speeiem.

991 2150 1044 2183 14.
1070 2152 1103 2195 βι
1114 2165 1159 2177 =
1169 2150 1283 2182 insita
1306 2162 1349 2182 vo
1360 2149 1377 2182 l
1382 2161 1404 2181 u
1410 2161 1435 2194 p
1445 2157 1515 2181 tas.

943 2196 994 2227 rG
1006 2195 1110 2238 Arg.b
1126 2195 1183 2226 BV
1194 2195 1285 2237 μΚΘ
1304 2194 1360 2226 all.
1382 2206 1469 2227 recc-
1495 2205 1533 2237 pp
1556 2193 1638 2226 Pall.

943 2241 1008 2275 ‘Kffl
1017 2259 1063 2265 ·-
1074 2242 1106 2275 Z
1115 2255 1159 2267 =
1172 2252 1196 2272 a
1207 2253 1225 2272 e
1235 2252 1302 2286 que
1331 2240 1549 2284 aspernatio.
1599 2268 1602 2270 .

988 2285 1091 2328 Arg.b
1101 2301 1145 2314 =
1154 2286 1381 2319 adsuevimus
1404 2286 1441 2318 it
1448 2298 1467 2317 e
1474 2297 1494 2317 r
1501 2296 1524 2317 u
1533 2296 1566 2317 m
1580 2296 1641 2317 co-

940 2331 1017 2377 pia.
1063 2332 1094 2364 V
1109 2335 1143 2370 -Ι-
1160 2343 1278 2363 rerum
1300 2341 1547 2376 corporum
1578 2342 1640 2363 co-

940 2377 1017 2422 pia.
1088 2389 1116 2409 w
1132 2382 1167 2415 -ξ-
1184 2378 1258 2409 iam
1286 2388 1374 2408 non
1397 2376 1570 2409 novimus.

989 2435 1006 2454 r
1027 2433 1113 2455 rece.
1138 2435 1175 2466 pp
1196 2434 1298 2454 nonu.
1322 2431 1356 2460 ÷
1381 2422 1418 2454 in
1445 2433 1534 2467 quas
1557 2432 1642 2453 nos

945 2467 1149 2502 adductura
1182 2479 1286 2500 mors.
1334 2465 1401 2500 1²2.
1415 2464 1449 2499 3.
1468 2471 1503 2505 -Ι-
1521 2467 1642 2499 addu-

944 2522 1047 2546 ctura
1070 2526 1094 2546 n
1106 2526 1126 2546 ο
1136 2526 1154 2547 s
1177 2525 1282 2546 mors.
1327 2509 1386 2545 1³4.
1399 2527 1444 2540 =
1457 2512 1531 2544 add
1541 2524 1564 2544 ιι
1573 2519 1641 2544 cta

944 2571 1050 2592 mors.
1098 2560 1128 2592 R
1150 2563 1184 2598 -Ι-
1207 2558 1408 2592 adductura
1438 2568 1534 2590 mors
1555 2568 1579 2588 n
1592 2567 1641 2589 os

945 2617 964 2637 e
974 2613 1024 2638 σε.
1071 2606 1100 2640 Ἰί
1113 2621 1157 2633 =
1169 2617 1264 2638 mors
1282 2612 1326 2637 tr
1336 2614 1359 2636 a
1370 2603 1480 2636 ditur.

992 2648 1044 2683 15.
1078 2650 1352 2685 ffi—ffitn-est
1380 2653 1458 2692 post
1490 2646 1640 2691 indeffe-

946 2707 1031 2729 rens
1053 2708 1159 2729 mors.

993 2753 1064 2774 non
1097 2751 1215 2775 tamen
1248 2750 1292 2772 ea
1323 2746 1377 2771 ese
1408 2749 1498 2782 quae
1527 2735 1642 2780 facile

947 2786 1096 2833 neglegi
1114 2786 1281 2840 possit==
1295 2784 1393 2816 PRrB
1409 2794 1447 2826 pp
1470 2783 1550 2815 Pall.
1573 2783 1642 2816 Er·

949 2833 1038 2876 lang.
1057 2832 1127 2866 Iam
1157 2829 1225 2876 (qui
1256 2830 1303 2862 ita
1331 2827 1541 2862 scribendum
1569 2839 1641 2861 csse

1584 2149 1639 2181 PR
