1742 3094
190 231 247 276 32
617 263 621 267 .
649 231 692 271 L.
724 231 921 271 ANNAEI
952 232 1181 272 SENECAE

191 343 358 399 positum
387 350 648 386 reuertamur.
721 342 887 400 Sapiens
928 344 1043 385 etiam
1073 345 1107 385 si
1137 351 1345 386 contentus
1376 347 1442 386 est*
1465 357 1535 397 se,
1575 351 1633 386 ta-

191 425 281 453 men
303 411 448 452 habere
469 412 635 453 amicum
657 411 753 453 uult.
801 412 834 452 si
859 412 954 452 nihil
975 411 1100 464 aliud,
1132 419 1176 453 ut
1199 419 1387 453 exerceat
1405 412 1631 463 amicitiam,

193 493 243 520 ne
264 486 342 522 tam
365 493 504 534 magna
524 479 651 520 uirtus
674 479 815 520 iaceat.
870 493 949 520 non
972 480 1021 535 ad
1047 480 1144 531 hoc,
1179 480 1281 534 quod
1310 479 1464 520 dicebat
1489 477 1635 535 Epicu-

191 561 261 588 rus
290 547 332 587 in
361 547 433 587 hac
463 547 549 602 ipsa
579 547 765 602 epistula,
796 551 844 588 ‘ut
868 546 1024 588 haheat
1049 548 1122 602 qui
1148 546 1230 588 sibi
1253 559 1389 602 aegro
1419 546 1635 597 adsideat,

187 619 424 656 succurrat
443 616 488 655 in
512 615 689 656 uincula
713 616 906 657 coniecto
936 615 1007 656 uel
1033 616 1168 669 inopi.
1228 615 1298 655 sed
1328 621 1373 655 ut
1399 613 1539 655 haheat
1565 613 1637 654 ali-

194 695 331 737 quem,
365 682 428 722 cui
449 682 534 737 ipse
555 696 676 737 aegro
699 682 894 734 adsideat,
927 695 1043 736 quem
1063 682 1148 738 ipse
1171 682 1480 723 circumuentum
1504 679 1636 721 hostili

160 757 175 783 7
195 749 371 791 custodia
392 749 548 790 liberet.
610 748 691 804 Qui
710 763 754 790 se
775 756 925 805 spectat
945 756 985 790 et
1003 756 1164 804 propter
1181 750 1255 790 hoc
1275 749 1323 790 ad
1342 747 1551 789 amicitiam
1560 760 1637 788 -ue·

193 817 270 869 nit,
303 817 404 857 male
430 816 600 871 cogitat:
634 817 956 871 quemadmodum
981 816 1131 871 coepit,
1150 801 1222 857 *sic
1249 816 1415 857 desinet.
1474 813 1637 856 Parauit

191 884 358 925 amicum
381 884 590 924 aduersum
612 883 742 924 uincla
763 883 932 923 laturum
957 896 1094 938 opem:
1127 896 1216 924 cum
1245 883 1411 938 primum
1440 880 1637 937 crepuerit

193 958 330 992 catena
345 983 356 1002 ,
390 950 578 992 discedet.
640 950 727 991 Hae
754 957 846 991 sunt
868 949 1087 1002 amicitiae,
1121 964 1216 1004 quas
1245 950 1541 1004 temporarias
1567 962 1636 1004 po-

192 1019 305 1075 pulus
331 1019 511 1073 adpellat.
559 1016 640 1072 Qui
658 1018 834 1059 utilitatis
857 1032 975 1059 causa
993 1011 1220 1072 adsumptus
1239 1024 1315 1068 est,
1346 1016 1492 1057 tamdiu
1509 1016 1638 1072 plaee-

192 1086 250 1127 bit
262 1118 273 1137 ,
307 1085 488 1140 quamdiu
508 1085 614 1126 utilis
634 1085 767 1126 fuerit.
822 1085 908 1126 Hac
929 1098 975 1125 re
994 1085 1180 1125 florentes
1199 1084 1414 1125 amicorum
1430 1081 1547 1124 turha
1561 1082 1638 1123 oir-

194 1153 420 1194 eumsedet:
453 1153 561 1194 circa
577 1166 741 1194 euersos
757 1152 926 1194 solitudo
948 1158 1037 1204 est,
1065 1158 1105 1192 et
1123 1151 1214 1193 inde
1232 1151 1347 1192 amici
1366 1150 1541 1206 fugiunt,
1571 1149 1639 1191 ubi

159 1233 177 1259 8
194 1221 421 1277 probantur.
484 1219 569 1261 Hac
601 1234 646 1262 re
671 1220 748 1261 ista
777 1227 835 1261 tot
860 1219 1011 1261 nefaria
1035 1219 1215 1274 exempla
1237 1225 1330 1260 sunt
1349 1218 1514 1259 aliorum
1531 1224 1639 1258 metu

191 1287 519 1342 relinquentium,
565 1287 730 1329 aliorum
759 1294 867 1329 metu
895 1286 1156 1343 prodentium.
1215 1285 1398 1327 Necesse
1429 1292 1491 1326 est
1528 1284 1639 1326 initia

235 1390 257 1422 γ
276 1393 322 1406 Ξ
343 1378 542 1410 redeamus,
983 1377 1005 1408 b
1023 1381 1057 1415 ÷
1086 1387 1217 1421 quam
1240 1375 1319 1408 vel
1339 1387 1437 1420 qua-5.

238 1426 259 1468 β
281 1439 327 1451 Ξ
351 1435 389 1456 se
411 1424 502 1468 ipso.
987 1422 1018 1454 G
1039 1426 1108 1465 αγζῒ
1128 1436 1175 1449 Ξ
1196 1429 1456 1466 temporaneas.

236 1469 271 1502 si
290 1468 388 1501 nihil
407 1468 511 1500 aliud
526 1484 572 1497 =
590 1469 639 1511 Pp
653 1469 679 1500 E
695 1467 790 1501 Mod.
815 1468 891 1512 (Ep.
985 1478 1001 1501 ε
1012 1482 1058 1495 Ξ
1083 1479 1106 1499 2¹
1117 1467 1262 1512 ulgus
1285 1467 1456 1512 appellat.

194 1511 284 1557 130.)
311 1513 368 1546 Sb.
440 1514 471 1545 G
497 1519 531 1552 -ι-
559 1514 594 1546 si
617 1513 667 1546 ob
691 1514 775 1546 hoc
799 1513 896 1545 nilu'l
985 1514 1006 1557 β
1026 1514 1069 1544 Sc
1087 1511 1186 1544 Pr.ab
1208 1510 1299 1543 Pinc-
1319 1512 1393 1544 Put.
1412 1509 1638 1554 Opsopoei=

191 1559 241 1592 al.
265 1559 367 1591 nisi
388 1566 438 1590 ut.
481 1559 530 1592 Rr
553 1558 699 1602 (ps.m.)
722 1557 791 1591 P2.
819 1558 890 1590 Col.

191 1605 284 1639 §R—
305 1602 628 1642 ῢ-ξ-εἰοὸηίΙιιἸ
645 1604 693 1636 al.
743 1615 765 1637 α
788 1608 822 1641 -1-
847 1611 891 1635 et

191 1650 227 1682 si
249 1648 298 1681 ob
321 1660 355 1681 n.
377 1661 412 1680 a.
436 1649 535 1682 nisi
557 1657 754 1693 quamut.
793 1649 885 1686 ὕτ-Ι-

192 1702 236 1727 et
258 1695 292 1727 si
315 1693 364 1726 ob
388 1705 423 1726 n.
449 1693 499 1727 al.
525 1694 622 1726 nisi
646 1702 694 1726 ut.
734 1693 828 1736 γξ-ὶ-
847 1701 890 1726 et

191 1740 226 1772 si
248 1739 306 1771 ad
328 1739 404 1772 nih.
430 1738 477 1771 al.
502 1750 636 1783 quam
660 1746 708 1770 ut.
757 1743 826 1777 0-1-
847 1746 891 1771 et

191 1784 299 1817 siob
323 1796 358 1817 n.
385 1796 419 1817 a.
444 1784 623 1816 saltem
647 1784 708 1816 ad
730 1783 817 1816 Ιιοο
840 1792 889 1816 uc.

190 1831 222 1863 T
238 1835 273 1868 -ὶ-
298 1830 332 1863 si
347 1837 545 1874 propter
561 1829 660 1862 nihil
677 1828 726 1863 al.
747 1829 824 1862 vel
841 1837 890 1863 ut.

236 1898 305 1918 non
319 1886 370 1919 ad
382 1886 447 1918 hoc
458 1901 503 1914 =
513 1897 589 1917 mss.
608 1886 691 1929 (exc.
706 1885 770 1930 Ββ)
792 1886 833 1919 Ἡ.

189 1931 242 1976 Ββ
265 1932 358 1966 θὶ-
381 1932 415 1967 (ὅ
436 1946 482 1959 Ξ
504 1942 576 1963 ηοη
599 1930 653 1964 ob
674 1930 751 1964 Ιιοσ.
795 1929 889 1963 Mod.

191 1994 238 2002 —
252 1977 313 2009 ad.
434 1980 436 1982 “
501 1987 506 1993 ‘

234 2023 365 2054 iaceat.
403 2020 474 2063 Col.
498 2032 518 2054 τ
530 2036 576 2048 Ξ
595 2020 718 2055 lateat.

234 2068 322 2100 ΤΞ
347 2074 395 2098 ιιι
419 2065 560 2098 dicebat
582 2066 682 2111 Epic.

233 2113 349 2144 ΡΤ-
371 2120 556 2143 succurrat
573 2129 621 2135 —
640 2110 821 2143 adsideat.

235 2157 293 2188 cui
315 2157 404 2201 ipse.
449 2156 535 2189 'Is-—
556 2156 646 2199 ipse.

235 2213 336 2246 quem
360 2200 436 2245 ipse
454 2215 500 2227 Ξ
517 2211 594 2231 mss.
620 2199 695 2233 'Xffl
712 2217 760 2224 —
783 2200 831 2234 Θ.

189 2246 291 2283 ffli—
311 2246 404 2283 ῢΞ
427 2257 526 2292 quem
550 2245 715 2288 ipsum.

234 2303 268 2338 7.
305 2301 374 2343 Qui
393 2312 432 2332 se
453 2312 504 2346 sp.
540 2299 629 2332 Hinc
642 2301 684 2331 Sc
703 2300 758 2331 Pr.
771 2298 837 2332 abd
859 2300 888 2336 Χ

189 2357 311 2380 novam
342 2357 394 2389 ep.
427 2345 599 2389 incipiunt.
646 2345 676 2378 ’ὶί
706 2343 890 2387 praemittit

189 2391 290 2423 haec:
317 2390 486 2435 quomodo
502 2390 635 2434 aliquis
652 2389 722 2421 sibi
738 2389 889 2421 amicum

180 2434 318 2481 saciat.
353 2443 386 2468 et
410 2436 502 2481 quod
534 2435 609 2467 nisi
643 2434 800 2479 sapienti
823 2446 890 2466 sua

188 2493 258 2513 non
281 2479 468 2526 sufficiunt
493 2481 570 2512 sive
591 2480 745 2525 placent.
794 2481 887 2512 Con-

189 2527 348 2563 tinuacio
366 2526 514 2571 epistole
527 2525 766 2571 precedentis.

235 2583 303 2625 Qui
315 2594 363 2616 se.
387 2594 404 2615 r
417 2587 451 2620 -4-
468 2581 682 2614 commodum
691 2592 706 2612 s
720 2596 766 2608 =
776 2592 886 2613 suum.

233 2639 323 2670 Pinc.
345 2639 506 2682 quaedam
519 2637 660 2681 exempl.
680 2652 725 2665 Ξ
749 2645 783 2670 et
797 2647 886 2682 pro-

186 2693 267 2731 pter
291 2684 356 2716 hoc
377 2685 480 2722 amic.
504 2685 614 2716 init.

233 2729 383 2763 desinet.
417 2741 440 2772 p
455 2733 490 2767 4
518 2740 605 2761 esse.

235 2775 425 2807 adversum
449 2774 570 2806 vincla
589 2773 694 2816 =Pp
718 2775 757 2805 A.
795 2772 884 2815 vulg.

190 2835 234 2847 Ξ
254 2819 430 2852 adversus
454 2819 609 2852 vincula.

235 2865 291 2897 bG
307 2880 352 2892 =
373 2866 475 2897 Haec
495 2872 578 2897 sunt
599 2875 668 2897 am.

939 1560 1066 1600 Quae
1083 1573 1131 1582 -·
1150 1556 1359 1601 adsumpta
1382 1563 1446 1590 est.
1482 1556 1640 1598 7=Qui

936 1621 984 1626 —
1001 1609 1166 1647 acceptu-s·
1179 1609 1243 1634 est.
1267 1600 1418 1633 Ambian.
1433 1600 1580 1645 Opsopei
1590 1616 1637 1630 =

937 1647 1065 1690 Quod
1082 1663 1130 1671 —-
1152 1647 1406 1692 adsumptum
1425 1663 1472 1670 —
1493 1645 1634 1679 utile.

935 1694 965 1728 ’ὶί
986 1708 1031 1720 Ξ
1054 1694 1128 1734 Que
1144 1709 1192 1718 -
1210 1700 1330 1724 summ
1349 1700 1415 1724 est.
1457 1691 1486 1723 E
1503 1705 1550 1721 Ξ
1569 1702 1634 1724 as-

935 1746 1095 1783 sumptus·
1108 1735 1143 1781 f
1146 1748 1168 1768 u
1180 1749 1200 1768 e
1211 1738 1253 1769 ri
1262 1745 1288 1769 t.

982 1783 1008 1817 (ξ
1020 1800 1066 1807 -
1088 1784 1121 1817 (5
1133 1797 1179 1809 Ξ
1204 1784 1230 1812 C
1243 1794 1263 1814 e
1274 1794 1293 1812 r
1304 1789 1320 1813 t
1330 1793 1349 1813 e
1363 1781 1552 1823 florentes.

981 1827 1224 1860 circumsedet.
1263 1825 1323 1858 GR
1334 1838 1351 1857 r
1362 1827 1392 1858 T
1409 1825 1509 1858 Pr.ad
1528 1824 1634 1869 pleri-

937 1884 1000 1916 que
1021 1884 1059 1915 ρρ
1078 1888 1123 1900 Ξ
1144 1870 1384 1904 circumsidet.
1421 1871 1455 1905 ΕΞ
1469 1881 1510 1902 ex
1519 1873 1598 1913 Arg.
1610 1870 1632 1903 b

940 1924 1017 1961 (tac.
1042 1917 1165 1960 Oberl.)
1189 1931 1236 1944 =
1259 1916 1497 1948 circumsedit.

985 1963 1015 1994 G
1027 1978 1072 1990 =
1092 1963 1270 1995 adversas
1291 1961 1391 2005 (seo).
1434 1960 1501 1994 αὲῐτ
1514 1960 1541 1992 P
1553 1958 1585 1992 1.
1596 1957 1631 1993 3.

938 2005 971 2040 4.
990 2023 1036 2036 Ξ
1060 2007 1227 2040 adversa.

982 2053 1136 2086 solitudo
1157 2060 1212 2084 est
1229 2066 1275 2079 =
1292 2051 1349 2083 ΡΑ
1360 2050 1446 2083 ΤΕΒ
1468 2047 1544 2092 γνξο
1561 2049 1587 2082 Ρ
1598 2047 1632 2083 3.

937 2098 1004 2130 Sbc
1013 2097 1135 2129 Pr.abd
1147 2098 1225 2139 Ops.
1244 2096 1287 2130 2(-
1331 2095 1388 2138 pG
1399 2095 1447 2126 Rr
1459 2094 1530 2125 Col.
1543 2094 1634 2129 {R—

935 2143 1000 2176 fflla
1026 2147 1059 2179 -4—
1084 2143 1130 2174 in
1178 2151 1261 2172 ens
1281 2140 1346 2171 sol.
1387 2137 1456 2170 P2.
1479 2153 1525 2166 =
1543 2138 1634 2171 soli-

936 2187 1066 2218 citudo.
1101 2154 1167 2217 seg
1181 2184 1253 2230 ipse
1276 2183 1401 2215 omittit
1421 2184 1460 2215 in
1489 2195 1562 2216 ens.

1170 2230 1199 2262 R
1212 2244 1258 2257 =
1278 2229 1429 2260 Deinde.
1501 2226 1534 2260 2.
1560 2227 1631 2261 COI-

1168 2286 1190 2318 γ
1206 2279 1240 2311 -l-
1269 2274 1400 2306 tales
1423 2274 1541 2306 amici.

981 2239 1015 2263 et
1039 2231 1134 2264 inde.

934 2291 980 2303 =
994 2277 1134 2308 exinde.

983 2321 1014 2353 G
1030 2322 1104 2355 ἓιοτ
1121 2322 1201 2362 Arg.
1212 2319 1233 2351 b
1254 2318 1403 2362 plerique
1423 2318 1481 2350 Gr.
1493 2333 1539 2346 =
1554 2329 1576 2350 u
1586 2329 1632 2349 n·-

936 2365 961 2397 d
972 2379 990 2397 e
1010 2365 1217 2411 probantur.
1261 2365 1288 2395 Β
1310 2378 1357 2392 Ξ
1373 2372 1564 2408 parantur.

979 2413 1013 2447 8.
1059 2411 1092 2444 V
1112 2427 1159 2434 —
1171 2411 1252 2442 Hac
1274 2420 1315 2440 re
1327 2426 1375 2434 —-
1391 2408 1629 2453 prodentium.

936 2456 967 2488 G
989 2455 1094 2496 αζῇοτ
1111 2454 1253 2487 maxima
1272 2464 1350 2497 pars
1369 2453 1428 2486 Gr.
1448 2453 1538 2488 ffl—
1558 2454 1630 2490 (51.

938 2506 973 2539 -Ι-
1001 2502 1083 2533 Hac
1105 2501 1153 2532 in
1176 2511 1228 2533 re.

981 2545 1013 2578 G
1028 2563 1075 2571 —
1097 2546 1182 2578 ista.

978 2603 1001 2634 p
1013 2609 1059 2615 —
1081 2598 1143 2623 tot.
1313 2631 1315 2634 Α

980 2637 1011 2668 G
1029 2638 1106 2678 Arg.
1118 2635 1140 2667 b
1152 2650 1199 2663 =
1219 2642 1348 2668 metum
1364 2650 1411 2658 --
1429 2640 1569 2665 metum.

977 2682 1026 2725 Pp
1047 2682 1110 2712 AG
1131 2682 1178 2714 Tr
1198 2680 1257 2712 BE
1269 2681 1347 2721 Arg.
1359 2678 1381 2711 b
1393 2689 1432 2720 ρρ
1443 2678 1527 2711 ’ΚΞ
1541 2687 1628 2721 pro-

931 2726 1140 2759 videntium.
1173 2736 1247 2757 e=
1257 2722 1498 2768 prudentium.
1525 2722 1630 2755 Gron.

932 2772 973 2804 ci.
994 2787 1039 2800 Ξ
1056 2772 1209 2803 aliorum
1230 2776 1323 2802 metu
1343 2765 1629 2813 relinquentium.

933 2817 1086 2850 oliorum
1106 2815 1244 2848 etiam
1257 2813 1498 2859 prodentium.

977 2863 1038 2905 γεζ
1055 2860 1101 2893 Sb
1119 2860 1211 2896 911-
1221 2860 1255 2895 (5
1269 2863 1304 2896 -l-
1319 2857 1478 2898 Necesse
1490 2865 1545 2891 ese
1567 2868 1590 2890 u
1600 2865 1625 2890 t.
