1742 3094
167 145 261 208 '396

634 165 677 205 L.
707 165 781 204 AN
785 165 906 206 ΝΑΕΙ
935 167 1165 206 SENECAE

175 279 306 320 milem
331 292 420 320 esse
442 283 481 318 te
501 277 592 318 uolo
624 278 816 332 quomodo
850 278 967 319 filium
985 310 996 330 ‚
1039 294 1118 320 non
1146 280 1339 334 quomodo
1375 280 1610 337 imaginem:

177 347 305 402 imago
323 361 390 388 res
410 353 563 387 mortua
579 352 654 387 est.

717 344 821 399 Quid
840 349 964 400 ergo?
993 362 1071 388 nou
1088 347 1338 403 intellegetur
1356 348 1467 390 cuius
1486 349 1614 390 imite-

176 415 232 456 ris
247 415 492 456 orationem?
523 413 634 455 cuius
649 415 1051 469 argumentationem?
1080 416 1191 457 cuius
1210 416 1455 457 sententias?
1511 414 1614 458 Puto

177 483 382 538 aliquando
412 495 462 523 ne
490 481 666 536 intellegi
706 481 860 536 quidem
897 497 1042 538 posse,
1089 484 1123 524 si
1153 483 1282 539 magni
1313 483 1388 525 uiri
1414 483 1614 539 ingenium

176 551 354 592 omnihus
385 562 483 605 quae
513 563 566 590 ex
595 563 671 604 quo
701 549 810 590 uelut
838 551 1054 606 exemplari
1082 551 1278 593 adstruxit
1307 552 1471 592 sormam
1502 565 1626 592 suam⁴

178 639 518 685 illiusfuerit.
547 639 712 671 similem.
787 639 873 670 G=

176 698 246 719 non
276 686 421 730 intellig
433 698 452 717 e
462 697 480 717 r
492 692 588 717 etur.
636 685 687 725 311
697 699 741 711 =
753 695 787 716 n.
812 685 873 716 in·—

175 731 280 777 tellig
291 733 305 764 i
316 740 384 764 tur.

176 776 179 778 ’
220 779 254 809 si
275 776 400 822 magni
421 775 494 808 viri
513 775 698 820 ingenium
715 773 874 808 omnibus

173 834 264 868 quae
294 835 337 854 ex
369 832 436 867 quo
461 821 557 853 velut
583 820 779 866 exemplari
803 821 872 853 ad-

174 868 309 900 struxit
321 866 485 913 formam
507 878 608 899 suam
626 867 810 911 inpressit,
834 874 872 898 ut

175 914 214 946 in
237 914 410 945 unitatem
443 912 509 945 illa
530 920 729 957 conpetant.
779 911 812 947 Ξ
826 926 872 940 -..-·..

179 971 212 989 ω
242 971 286 991 ex
310 970 378 1004 quo
410 969 432 990 ν
443 957 567 993 oluit
601 957 796 1002 exemplari
820 971 871 989 ω.

173 1004 300 1043 Ruben.
329 1003 368 1036 ci.
383 1018 429 1031 =
455 1015 488 1033 ω
514 1015 604 1048 quae
634 1014 678 1034 ex
732 1014 775 1034 uo
785 1015 806 1047 q
817 1015 839 1034 u
853 1016 872 1035 e

173 1049 271 1082 velut
301 1048 369 1092 [vel
394 1060 437 1081 ex
460 1060 526 1093 quo
558 1048 662 1080 volu
675 1048 688 1079 i
698 1014 731 1090 [ἵ
751 1060 868 1080 exem-

167 1095 271 1141 plari
294 1102 337 1127 tr
347 1094 423 1127 axi
436 1102 450 1126 t
466 1107 516 1126 ω.
541 1092 627 1125 Mire
647 1092 778 1125 variant
790 1105 867 1126 mss.

173 1142 207 1174 in
233 1140 299 1173 hoc
320 1139 397 1172 loco
418 1138 516 1172 valde
541 1138 742 1181 depravato:
780 1145 870 1171 certe

178 1185 255 1231 ss('?)
270 1196 291 1229 γ
310 1196 413 1217 nonn.
432 1184 523 1217 Pinc.
545 1183 670 1216 habent
688 1184 722 1216 si
743 1184 868 1229 magni

175 1233 248 1265 viri
277 1230 462 1275 ingenium
486 1229 620 1272 (πεδί
641 1229 766 1275 magni
789 1229 868 1261 νίν

172 1278 283 1321 ingen
296 1276 345 1318 ιἰ)
359 1300 368 1314 ,
404 1282 438 1307 et
466 1277 507 1320 βγ
537 1273 637 1306 etiam
668 1274 702 1306 in
733 1273 867 1317 reliquis

174 1321 395 1360 consentiunt,
418 1326 651 1364 praeterquam
672 1319 762 1363 quod
782 1318 869 1351 scri-

172 1367 256 1400 bunt
282 1365 461 1411 exemplar
471 1366 485 1397 i
495 1377 518 1398 a
552 1365 695 1398 struxit.
741 1366 765 1397 P
776 1379 822 1393 =
835 1365 870 1397 si

173 1413 298 1458 magni
331 1412 403 1445 viri
438 1423 460 1443 n
473 1423 490 1443 e
502 1423 521 1443 c
552 1423 570 1442 e
581 1422 602 1442 n
618 1410 675 1443 im
710 1409 868 1443 omnibus

172 1471 263 1505 quae
277 1470 319 1490 ex
330 1469 396 1503 quo
408 1457 502 1489 velut
518 1456 699 1501 exemplar
709 1456 752 1488 ia
774 1465 787 1488 t
797 1468 816 1488 r
824 1468 868 1488 a-

172 1504 293 1537 xitoe
311 1511 354 1535 et
378 1502 674 1535 invitantem
695 1502 761 1534 illa
781 1513 868 1533 con—

168 1557 288 1595 petat
322 1549 413 1591 (Ops.
434 1563 478 1575 =
503 1555 545 1579 et
571 1547 867 1579 invitantem

172 1594 239 1627 illa
265 1601 389 1638 conpet
401 1604 423 1624 a
434 1601 449 1624 t
472 1591 526 1623 vel
559 1599 602 1624 et
626 1592 736 1624 invit
747 1603 768 1623 a
780 1599 793 1623 t
806 1603 866 1623 em

169 1639 238 1672 illa
259 1645 392 1684 compet
403 1649 425 1669 a
437 1645 451 1670 t
474 1636 527 1669 vel
552 1649 572 1668 e
582 1644 596 1669 t
619 1637 657 1669 in
682 1649 703 1669 ν
714 1649 733 1668 e
744 1637 787 1668 ri
797 1645 811 1669 t
822 1649 867 1668 a-

171 1693 258 1718 tem
292 1684 361 1716 illa
400 1682 617 1728 competat).
663 1694 680 1714 r
702 1697 747 1710 =
769 1681 865 1714 sibi

171 1730 299 1775 magni
327 1728 399 1762 viri
441 1739 523 1760 nec
556 1728 673 1760 enim
708 1725 867 1760 omnibus

170 1788 261 1822 quae
300 1787 343 1807 ex
383 1786 402 1806 e
413 1785 432 1805 ο
473 1773 533 1806 vel
539 1785 560 1804 u
572 1772 595 1804 d
629 1772 833 1817 exemplari
843 1784 867 1804 α

169 1830 183 1854 ι
196 1821 331 1859 raxit
355 1832 388 1850 ω
415 1827 459 1851 et
491 1819 530 1850 in
565 1819 737 1850 unitatem
753 1831 802 1851 ω.
837 1817 865 1849 R

168 1865 227 1910 PQ.
241 1865 340 1910 (s.m.)
350 1880 396 1893 =
407 1865 442 1897 si
460 1864 519 1909 [sR
535 1867 568 1902 -1-
577 1864 644 1908 est]
657 1864 781 1909 magni
795 1862 867 1895 viri

168 1923 191 1944 n
203 1925 222 1944 e
233 1924 252 1944 c
275 1924 293 1944 e
305 1911 397 1943 nim
419 1910 496 1953 [mR
507 1924 553 1937 =
567 1910 691 1952 Ennii]
707 1907 866 1941 omnibus

167 1970 258 2003 quae
302 1969 321 1989 e
340 1969 359 1989 c
378 1956 401 1988 ῖι
418 1968 437 1987 o
484 1955 580 1988 velut
625 1954 832 2000 exemplari
842 1966 866 1986 a

169 2002 302 2036 struxit
325 2015 357 2032 ω
380 2001 456 2034 illa
468 2013 500 2032 m
527 2013 560 2031 cx>
590 1999 662 2044 (Ρὸ.
684 2016 728 2028 =
750 2012 768 2032 e
779 2007 793 2032 t
823 1999 861 2031 in

167 2048 430 2081 veritatem
475 2046 597 2078 illam
634 2044 860 2091 competat).

167 2105 196 2125 w
216 2109 262 2121 ---
280 2093 314 2125 si
334 2091 472 2138 magni!
491 2091 563 2123 viri
593 2091 778 2124 nicenii
802 2091 862 2132 [=

169 2138 242 2170 cod.
266 2138 381 2170 Heins.
433 2137 496 2171 m&
511 2140 542 2173 1.
554 2151 600 2164 =
611 2136 678 2168 Ne
688 2135 797 2179 cenii]
820 2147 860 2166 υ-

167 2182 328 2227 mnibusq
340 2194 388 2214 ue
412 2194 455 2214 ex
475 2193 541 2225 quo
565 2181 658 2214 velut
680 2179 861 2225 exempla-

167 2229 244 2261 ria
268 2227 430 2259 traxit
457 2239 490 2256 ω
517 2226 638 2258 illam
660 2232 860 2270 competat.

168 2272 258 2305 GPl.
281 2270 348 2304 P3.
375 2271 481 2315 (pm.)
503 2286 549 2298 =
569 2272 604 2302 si
633 2271 758 2315 magni
788 2268 863 2302 viri

165 2330 247 2350 nec
270 2329 289 2349 e
302 2328 323 2348 n
335 2318 394 2349 im
419 2316 510 2359 [mG
525 2331 570 2343 =
583 2316 705 2348 Ennii.
727 2314 773 2358 r.]
807 2325 861 2346 ex

166 2362 324 2396 omnibus
353 2373 442 2407 quae
460 2373 503 2392 ex
526 2372 592 2405 quo
618 2360 712 2391 velut
742 2370 859 2391 exem—

161 2409 304 2455 plaria
327 2406 496 2440 strucxit
519 2405 579 2449 [sic
598 2411 686 2437 certe
709 2405 754 2446 G]
770 2402 858 2448 sor-

166 2466 269 2492 mam,
280 2464 380 2486 suam
399 2451 582 2496 impressit
605 2463 623 2482 e
634 2458 648 2482 t
673 2450 738 2492 [sG
750 2465 793 2477 =
805 2449 857 2493 ut]

167 2499 299 2532 verit
313 2510 336 2530 a
352 2506 367 2531 t
383 2510 402 2530 e
417 2509 451 2528 m
495 2495 616 2528 illam
662 2502 859 2540 competant

167 2541 239 2587 [Pl.
257 2542 290 2577 3.
302 2558 347 2571 =
357 2549 490 2587 compet
500 2553 523 2574 a
533 2540 574 2585 t].
607 2539 665 2573 P2.
678 2556 722 2568 =
735 2541 768 2573 si
780 2552 859 2572 ma-

164 2590 232 2635 gni
260 2589 334 2622 viri
363 2587 507 2621 Ennii
540 2599 570 2619 r.
620 2597 701 2618 nec
739 2586 857 2618 enim

167 2633 326 2667 omnibus
357 2645 446 2678 quae
477 2644 526 2683 eq
535 2643 557 2664 u
569 2643 588 2663 o
611 2631 706 2664 νεῖαι
737 2643 855 2662 exem-

160 2680 270 2725 plari
280 2691 303 2711 a
324 2678 457 2711 struxit
477 2677 640 2722 sormam
661 2688 761 2708 suam
784 2689 857 2708 ex—

161 2727 297 2770 pressit
319 2732 358 2756 ut
386 2724 558 2755 unitatem
580 2733 671 2755 cum
693 2721 761 2754 illa
781 2734 807 2767 p
818 2734 856 2754 e-

163 2778 213 2803 ta
224 2782 246 2802 n
256 2777 282 2803 t.
316 2769 420 2812 Arg.b
432 2783 477 2796 =
489 2768 523 2801 si
541 2767 667 2814 magni
682 2767 756 2800 viri
776 2778 799 2799 n
811 2779 829 2799 e
839 2779 858 2799 c

164 2828 182 2849 e
194 2815 286 2848 nim
320 2813 481 2848 omnibus
508 2825 600 2859 quae
629 2824 682 2846 ex
714 2823 826 2858 aequ
838 2825 857 2845 ο

917 647 932 671 ι
944 652 962 671 r
974 652 996 672 u
1006 653 1031 672 x
1043 641 1080 673 it
1113 641 1208 674 velut
1234 641 1431 686 exemplari
1451 638 1611 685 formam

920 697 1021 718 suam
1044 687 1223 731 impressit
1246 695 1290 719 et
1321 690 1360 718 in
1390 699 1440 728 νε
1453 699 1471 719 r
1481 687 1496 718 i
1506 694 1555 719 ta
1567 694 1582 718 t
1592 699 1611 719 e

918 731 987 764 illa
1010 740 1142 776 compet
1153 744 1176 763 a
1186 739 1210 764 t.
1247 730 1307 764 1³4.
1318 747 1364 759 =
1372 743 1478 777 posse
1499 732 1555 776 im
1567 744 1610 763 α-

917 788 1026 821 gini
1058 789 1069 809 1
1085 785 1275 809 nterntt
1309 789 1404 809 virt:
1450 787 1533 809 nec
1563 789 1609 808 e-

918 823 1008 855 nim
1040 821 1199 855 omnibus
1229 834 1320 866 quae
1346 834 1389 855 ex
1417 833 1484 867 quo
1516 822 1611 854 velut

918 867 1114 912 exemplari
1137 880 1158 899 a
1170 876 1185 900 t
1195 875 1208 898 t
1220 879 1239 898 r
1250 879 1272 898 a
1284 880 1307 900 x
1318 867 1332 899 i
1343 875 1357 900 t
1379 866 1440 911 [ita
1458 878 1610 899 commo—

918 912 960 945 de
972 919 1107 957 poterat
1127 912 1181 944 edi
1203 918 1237 944 et
1251 912 1394 945 fortasse
1405 911 1562 957 debebat]
1570 925 1603 942 ω

916 971 936 990 e
946 967 961 990 t
984 959 1157 991 unitatem
1185 970 1204 990 c
1213 970 1235 990 u
1247 970 1281 990 m
1305 954 1372 991 illa
1405 966 1538 1002 compet
1547 971 1571 991 a
1582 967 1607 990 t.

919 1003 1091 1036 Col.=si
1115 1011 1186 1036 est
1209 1015 1266 1035 ma
1295 1005 1334 1035 ni
1356 1003 1429 1035 viri
1450 1003 1608 1035 Ennii.

916 1061 938 1080 n
951 1061 998 1080 eo
1021 1062 1039 1081 e
1050 1050 1142 1081 nim
1165 1050 1262 1080 omni
1282 1060 1324 1080 us
1353 1060 1443 1093 quae
1471 1059 1514 1080 ex
1542 1059 1609 1093 quo

914 1095 1010 1127 velut
1041 1094 1222 1139 exemplar
1232 1095 1246 1126 i
1256 1106 1279 1126 a
1301 1094 1433 1126 struxit
1452 1107 1485 1123 ω
1505 1102 1543 1126 ut
1564 1105 1610 1128 11-⁴

915 1141 1063 1172 nitatem
1097 1152 1115 1171 c
1126 1151 1148 1171 u
1159 1151 1193 1171 m
1216 1139 1282 1171 illa
1312 1151 1337 1184 p
1347 1151 1365 1171 e
1375 1147 1390 1171 t
1399 1151 1423 1171 a
1433 1146 1456 1172 t.
1504 1141 1548 1184 αβ
1560 1137 1605 1182 (ἲ)

913 1185 1028 1218 εῧικτυ
1037 1199 1083 1213 =
1093 1197 1110 1216 s
1120 1186 1135 1217 i
1145 1196 1164 1216 c
1187 1197 1206 1216 e
1214 1197 1232 1217 s
1240 1192 1255 1217 t
1279 1185 1403 1229 magni
1427 1185 1500 1216 viri
1521 1186 1553 1216 Ε
1561 1194 1608 1216 n-

915 1242 936 1262 71
950 1231 964 1261 i
973 1231 996 1262 i.
1047 1242 1064 1264 0
1074 1245 1118 1258 =
1129 1242 1148 1261 s
1158 1230 1199 1262 ic
1209 1242 1232 1262 u
1243 1237 1258 1262 t
1281 1230 1406 1274 magni
1430 1230 1503 1262 viri
1521 1231 1607 1263 En·-

914 1276 995 1309 nii.
1043 1276 1112 1319 λμπ
1123 1286 1270 1319 ==quae
1298 1287 1316 1306 e
1326 1274 1416 1307 cho.
1462 1274 1547 1307 Bell.
1567 1285 1608 1322 ρρ.

913 1333 1060 1365 =quae
1075 1333 1118 1353 ex
1142 1332 1201 1359 eo,
1221 1332 1264 1352 ex
1283 1332 1306 1353 a
1319 1331 1440 1364 equ0,
1458 1332 1502 1352 ex
1520 1331 1605 1364 quo.-

913 1366 1020 1399 nullus
1040 1382 1086 1394 =
1098 1379 1140 1398 ex
1172 1378 1193 1411 q
1203 1378 1225 1398 α
1236 1377 1286 1411 oq
1297 1378 1319 1398 u
1331 1379 1359 1398 e.
1406 1365 1502 1397 Solus
1524 1377 1543 1399 υ
1560 1380 1605 1393 =

914 1413 1094 1457 exemplar
1104 1412 1151 1444 ia
1186 1419 1201 1444 t
1211 1423 1296 1444 rax
1307 1412 1345 1444 it
1355 1423 1365 1443 :
1405 1409 1477 1442 rell.
1500 1422 1537 1454 ρρ
1559 1425 1605 1438 =
1624 1430 1627 1433 κ

914 1458 1094 1503 exemplar
1105 1457 1120 1489 i
1129 1469 1152 1489 a
1174 1457 1319 1489 struxit.
1366 1456 1551 1500 αβεζιλμπτ
1559 1471 1605 1484 =

913 1512 952 1535 ιιι
981 1504 1154 1535 unitatem
1188 1515 1207 1534 c
1217 1514 1240 1534 u
1250 1514 1285 1535 m
1323 1502 1391 1534 illa
1419 1513 1446 1546 p
1457 1514 1475 1533 e
1484 1510 1499 1533 ι
1509 1514 1533 1534 a
1542 1513 1564 1533 n
1577 1509 1603 1534 ι.

912 1549 1033 1591 γδΞῖΞ
1044 1549 1142 1580 utin
1167 1559 1188 1579 ν
1199 1560 1218 1580 e
1230 1560 1248 1579 r
1259 1548 1329 1580 ita
1340 1555 1385 1580 te
1409 1546 1475 1579 illa
1508 1559 1604 1579 com-

907 1602 969 1638 pet
979 1606 1001 1625 a
1012 1602 1026 1625 t
1061 1592 1297 1637 (competant).
1347 1604 1364 1626 ο
1374 1607 1420 1620 =
1431 1600 1466 1624 et
1497 1593 1512 1624 i
1522 1605 1556 1624 m
1568 1593 1605 1624 i-

912 1646 927 1670 t
939 1650 961 1670 a
971 1650 993 1670 n
1004 1646 1018 1670 t
1027 1651 1046 1670 e
1056 1651 1090 1670 m
1112 1638 1180 1671 illa
1207 1645 1416 1682 competant.
1466 1648 1492 1680 φ
1502 1653 1547 1665 =
1559 1649 1578 1669 e
1588 1645 1603 1670 t

911 1683 1083 1715 unitatem
1103 1683 1151 1716 ‘ill
1158 1694 1179 1714 a
1190 1695 1223 1714 m
1245 1694 1342 1728 comp
1352 1694 1374 1714 u
1385 1690 1399 1714 t
1408 1694 1430 1714 a
1439 1690 1465 1714 t.
1490 1683 1603 1723 Quae-

912 1728 989 1761 dam
1011 1740 1083 1761 exx.
1103 1728 1193 1760 Pinc.
1214 1743 1260 1756 =
1280 1728 1319 1760 in
1339 1729 1512 1760 unitatem
1537 1727 1603 1760 illa

911 1786 1010 1820 comp
1020 1786 1043 1806 u
1052 1782 1067 1806 t
1077 1785 1100 1805 a
1110 1782 1136 1806 t.
1168 1773 1253 1806 Bell.
1268 1784 1305 1816 ρρ
1315 1787 1359 1800 =
1371 1773 1409 1805 in
1429 1773 1603 1806 unitatem

911 1820 980 1852 illa
999 1826 1131 1864 compet
1142 1831 1166 1851 a
1176 1826 1201 1851 t.
1242 1817 1384 1858 Quidam
1401 1817 1490 1850 Pinc.
1505 1834 1549 1847 =
1559 1830 1602 1851 ex

912 1878 934 1898 a
947 1877 995 1909 eq
1006 1877 1028 1897 ιι
1039 1876 1060 1896 ο
1070 1889 1081 1904 ,
1115 1863 1170 1896 alii
1181 1879 1227 1892 =
1241 1863 1457 1908 exemplari,
1482 1862 1538 1896 alii
1555 1879 1601 1892 =

912 1910 1054 1944 struxit.
1103 1908 1185 1942 eod.
1205 1908 1296 1953 Lips.
1312 1924 1358 1937 =
1374 1920 1396 1941 n
1408 1921 1454 1942 ec
1478 1923 1498 1942 e
1509 1921 1531 1941 n
1542 1910 1602 1942 im

912 1968 963 1988 ex
994 1953 1154 1988 omnibus
1185 1966 1275 2000 quae
1305 1954 1328 1987 Ιι
1339 1967 1387 1986 ec
1397 1965 1418 1986 o
1451 1965 1473 1987 ν
1483 1954 1527 1988 el
1558 1967 1601 1987 ex

933 2014 987 2034 uo.
1022 1999 1115 2044 Lips.
1135 1999 1175 2032 ci.
1187 2015 1232 2028 ==
1241 2011 1265 2032 n
1276 2012 1295 2032 e
1304 2012 1323 2032 c
1345 2013 1364 2032 e
1373 2011 1397 2032 n
1406 1999 1422 2032 i
1431 2012 1465 2032 m
1486 2001 1601 2033 omni—

928 2058 970 2079 ας
981 2071 989 2087 ,
1035 2057 1103 2078 uae
1127 2045 1221 2078 velut
1241 2045 1444 2090 exemplari
1455 2056 1478 2077 a
1501 2053 1600 2078 stru-

906 2092 972 2131 xit,
990 2058 1154 2135 Jqormam
1173 2103 1192 2123 s
1203 2102 1225 2122 ιι
1235 2091 1250 2122 i
1269 2090 1451 2135 impressit
1459 2115 1471 2129 ‚
1495 2097 1535 2122 ut
1561 2090 1601 2122 in

908 2137 1168 2169 veritatem
1205 2134 1326 2167 illam
1361 2142 1598 2179 competant.

906 2181 966 2216 ’λαὶ
979 2181 1106 2216 1.-?B
1122 2183 1150 2217 1⁴
1163 2191 1324 2224 :posse
1336 2203 1345 2219 ,
1378 2179 1412 2210 si
1457 2179 1597 2223 'is—st]

907 2225 1032 2269 magni
1063 2224 1135 2256 viri
1167 2224 1219 2268 [Ἱί
1237 2228 1270 2262 -1-
1295 2180 1466 2268 enniig.
1515 2235 1538 2256 n
1551 2237 1599 2257 ec

906 2283 925 2302 e
934 2282 957 2301 n
968 2271 983 2302 i
993 2281 1026 2300 m
1068 2270 1226 2302 omnibus
1256 2281 1346 2314 quae
1375 2281 1418 2301 ex
1449 2281 1570 2315 quoqu
1580 2283 1599 2302 e

908 2315 951 2359 [X
962 2330 1009 2342 =
1020 2326 1110 2359 quae
1133 2314 1157 2346 Ιι
1169 2327 1215 2347 ec
1226 2326 1255 2347 ο.
1303 2315 1365 2351 OEl.
1380 2330 1425 2342 =
1436 2327 1526 2361 quae
1555 2328 1599 2347 ex

905 2360 985 2404 quo]
1029 2360 1124 2392 velut
1158 2359 1336 2404 exemplar
1347 2360 1361 2392 i
1371 2372 1395 2392 a
1434 2368 1450 2392 t
1461 2372 1480 2391 r
1491 2372 1514 2393 a
1526 2372 1550 2392 x
1561 2361 1577 2392 i
1585 2369 1599 2392 t

906 2405 949 2450 [X
971 2421 1016 2433 =
1046 2405 1194 2449 struxit]
1219 2403 1374 2450 formam
1404 2417 1505 2438 suam
1525 2405 1598 2438 im—

903 2451 1046 2496 pressit,
1073 2458 1110 2482 ut
1130 2451 1301 2482 unitatem
1324 2463 1343 2482 c
1352 2463 1374 2483 ιι
1385 2463 1416 2483 m
1440 2450 1506 2483 illa
1524 2463 1549 2496 p
1557 2462 1598 2483 e—

906 2504 920 2528 t
932 2508 954 2528 a
965 2507 987 2527 n
999 2504 1014 2528 t
1038 2496 1098 2540 [im
1112 2515 1155 2520 —
1168 2497 1237 2534 281.
1249 2511 1295 2523 =
1305 2504 1343 2528 ut
1365 2496 1404 2528 in
1425 2496 1598 2528 unitatem

906 2541 972 2574 illa
996 2540 1222 2586 competant}
1268 2541 1303 2575 §R
1314 2557 1361 2566 —·
1370 2542 1402 2576 25
1417 2556 1462 2568 =
1481 2541 1516 2573 si
1547 2541 1596 2584 [ὃ

907 2591 941 2625 -4-
958 2586 1025 2630 est]
1060 2587 1184 2631 magni
1213 2585 1287 2618 viri
1305 2588 1339 2617 E
1348 2597 1371 2617 n
1383 2587 1429 2618 ni
1452 2586 1532 2628 [33ss
1550 2600 1597 2613 =

903 2634 982 2664 Enn
993 2632 1008 2664 i
1018 2631 1061 2676 1].
1085 2643 1109 2663 n
1119 2643 1166 2663 ec
1188 2643 1208 2663 e
1217 2631 1309 2663 nim
1332 2629 1489 2663 omnibus
1506 2642 1597 2675 quae

903 2690 947 2710 ex
978 2689 1044 2722 quo
1068 2676 1164 2709 νεῖαι
1193 2675 1373 2721 exemplar
1382 2676 1399 2708 i
1407 2687 1431 2708 a
1463 2676 1598 2708 struxit

893 2721 1054 2767 formam
1075 2733 1175 2754 suam
1190 2720 1379 2767 impressit,
1403 2728 1441 2753 ut
1455 2721 1495 2753 in
1511 2721 1596 2753 uni-

903 2775 1012 2800 tatem
1034 2767 1103 2800 illa
1132 2766 1180 2810 [23
1195 2781 1239 2794 =
1251 2764 1391 2809 illam]
1425 2773 1595 2810 petant

903 2813 963 2858 [ss
981 2828 1029 2843 ==
1049 2818 1247 2858 competant
1255 2810 1282 2855 ].
1317 2810 1373 2846 {Ru
1385 2811 1450 2847 'Ru
1483 2822 1524 2844 ex
1553 2810 1593 2844 ci.
