1742 3094
189 198 273 242 64¹2
636 199 677 238 L.
709 198 904 238 ANNAEI
937 199 1166 238 SENECAE

191 326 307 353 cora:
342 312 507 352 uirtutes
533 311 664 366 utique
690 311 901 353 rationales
929 318 1033 353 sunt.
1096 311 1202 365 atqui
1239 324 1311 352 nec
1341 311 1518 353 homines
1541 320 1630 353 sunt

192 393 264 421 nec
287 379 351 420 di:
396 393 491 433 ergo
513 393 591 420 non
615 377 709 420 sunt
731 379 928 428 animalia.
991 376 1120 420 Omne
1147 378 1338 419 rationale
1361 379 1503 420 animal
1538 379 1631 420 nihil

191 448 296 503 agit,
331 447 404 489 nisi
433 448 596 502 primum
620 447 752 503 specie
783 446 946 487 alicuius
968 446 1028 488 rei
1054 446 1253 487 inritatum
1278 453 1365 498 est,
1407 447 1546 488 deinde
1572 447 1631 487 in-

192 523 320 571 petum
350 515 474 571 cepit,
507 515 647 557 deinde
670 514 853 556 adsensio
869 514 1125 556 confirmauit
1150 514 1253 555 hunc
1277 513 1464 570 inpetum.
1528 511 1632 567 Quid

143 591 173 618 1⁵
192 584 243 624 sit
262 583 444 624 adsensio
471 583 611 624 dicam.
674 580 843 638 Oportet
864 594 927 622 me
947 581 1170 623 ambulare:
1204 588 1296 623 tunc
1315 581 1468 622 demum
1498 581 1632 622 ambu-

192 652 254 703 lo,
296 665 381 691 cum
414 651 486 691 hoc
523 650 617 691 mihi
651 650 735 691 dixi
768 655 808 690 et
838 648 1052 704 adprobaui
1091 649 1190 690 hanc
1227 649 1449 705 opinionem
1487 661 1628 689 meam.

192 717 362 774 Oportet
380 731 442 758 me
469 718 634 758 sedere:
667 724 760 758 tuuc
783 717 937 758 demum
958 716 1095 758 sedeo.
1115 756 1119 759 ,
1156 714 1266 757 Haec
1286 715 1470 757 adsensio
1491 715 1533 756 in
1552 716 1631 757 uir-

192 793 273 826 tute
296 799 375 826 non
402 792 476 826 est.
537 783 640 826 Puta
664 785 767 826 enim
790 784 1032 843 prudentiam
1067 796 1181 824 csse:
1213 783 1407 838 quomodo
1440 782 1633 824 adsentie-

193 854 284 894 tur?
342 850 513 908 Oportet
531 867 595 894 me
618 851 846 894 ambulare?
902 850 990 892 Hoc
1010 858 1149 892 natura
1171 864 1252 892 non
1273 850 1433 906 recipit:
1466 850 1634 906 pruden-

193 920 246 961 tia
272 920 375 961 enim
402 920 440 961 ei
470 919 583 961 cuius
616 926 677 961 est
705 919 918 976 prospicit,
951 933 1030 960 non
1052 918 1142 960 sibi.
1201 917 1307 960 Nam
1335 931 1407 959 nec
1435 917 1633 959 ambulare

194 994 322 1041 potest
340 1001 413 1029 nec
436 988 591 1029 sedere.
652 1002 750 1043 ergo
775 987 1051 1028 adsensionem
1081 999 1160 1027 non
1192 985 1335 1027 habet:
1369 985 1471 1040 quod
1493 986 1633 1026 adsen-

142 1066 175 1092 16
193 1055 344 1096 sionem
378 1069 458 1096 non
489 1055 606 1096 habet
636 1055 829 1096 rationale
854 1054 996 1095 animal
1018 1068 1097 1094 non
1122 1060 1198 1094 est.
1260 1051 1395 1095 Uirtus
1426 1053 1460 1094 si
1490 1053 1634 1095 animal

191 1129 278 1174 est,
311 1122 501 1163 rationale
524 1129 598 1164 est.
659 1121 850 1164 rationale
870 1127 1000 1163 autem
1028 1135 1109 1162 non
1134 1127 1219 1162 est:
1252 1133 1348 1175 ergo
1371 1133 1445 1161 nec
1471 1120 1628 1161 animal.

193 1188 239 1231 Si
261 1189 387 1231 uirtus
403 1189 548 1231 animal
570 1196 647 1242 est,
675 1190 800 1232 uirtus
819 1196 951 1230 autem
967 1189 1112 1229 bonum
1133 1194 1197 1230 est
1209 1204 1222 1230 ε
1253 1200 1368 1229 omne
1386 1187 1532 1228 bonum
1549 1188 1632 1229 ani-

191 1257 269 1298 mal
292 1263 368 1299 est.
430 1256 518 1298 Hoc
543 1257 670 1299 nostri
692 1258 879 1299 fatentur.
939 1254 1099 1297 Patrem
1122 1267 1285 1296 seruare
1305 1254 1449 1296 bonum
1471 1261 1547 1297 est.
1593 1263 1632 1296 ει

191 1324 426 1366 sententiam
455 1325 670 1380 prudenter
697 1325 738 1366 in
767 1331 906 1366 senatu
935 1323 1067 1365 dicere
1094 1322 1240 1364 bonum
1264 1328 1340 1363 est.
1375 1328 1415 1363 et
1441 1322 1545 1364 iuste
1564 1323 1631 1364 de-

190 1406 355 1434 cernere
378 1392 522 1433 bonum
549 1400 633 1434 est:
667 1406 763 1448 ergo
790 1399 831 1434 et
854 1398 1005 1448 patrem
1028 1403 1190 1433 seruare
1222 1389 1367 1432 animal
1389 1396 1453 1431 cst
1474 1396 1515 1431 ει
1539 1404 1630 1447 pru-

190 1461 330 1501 denter
354 1460 591 1502 sententiam
620 1460 751 1502 dicere
772 1459 917 1501 animal
945 1465 1020 1501 est.
1080 1457 1143 1500 Eo
1168 1471 1292 1513 usquc
1312 1471 1379 1499 res
1406 1458 1556 1511 exibit,
1589 1466 1630 1500 ut

191 1527 312 1568 risum
336 1534 471 1569 tenere
492 1542 571 1570 non
592 1528 735 1583 possiS.
795 1526 1019 1569 Prudenter
1037 1532 1169 1567 tacere
1187 1525 1331 1567 bonum
1352 1532 1427 1567 est.
1459 1538 1630 1568 coenare

190 1617 234 1658 οῴ
246 1616 337 1649 Pinc.
358 1616 456 1649 codd.
483 1617 700 1650 correctiores
720 1616 778 1650 P‘t.
794 1617 882 1660 (Sao)
927 1615 1135 1662 praecipit?
1158 1626 1219 1658 per
1238 1614 1543 1658 interrogationem.
1569 1617 1627 1648 BG

189 1662 266 1696 Ἑῢ.
335 1661 396 1695 P3.
407 1677 453 1690 =
465 1671 502 1694 ut
531 1662 638 1705 serae
670 1670 712 1694 et
739 1674 882 1708 pecora.
933 1661 1037 1705 (mm)
1050 1661 1199 1706 —quod
1222 1671 1296 1693 ass.
1323 1672 1392 1692 non
1422 1660 1537 1695 ltabet.
1583 1663 1627 1704 γδ

189 1718 210 1751 χ
232 1721 277 1734 =
299 1715 362 1740 aut
398 1708 632 1740 irrationalia
659 1715 699 1739 ut
729 1718 883 1751 equus,
931 1707 1034 1748 ζψε
1048 1703 1223 1751 proficit
1248 1716 1317 1737 non
1342 1705 1422 1738 sibi.

189 1764 208 1782 c
217 1764 240 1784 a
251 1763 274 1784 n
284 1753 299 1784 i
307 1765 335 1785 s.
382 1752 466 1784 Rell.
477 1770 523 1777 —
533 1761 572 1785 ut
583 1751 706 1797 serae.
740 1752 884 1796 (ἴγδζησ
976 1748 1029 1784 16.
1054 1751 1108 1785 Ru
1117 1765 1162 1778 =
1176 1750 1303 1783 Virtus
1315 1752 1348 1783 si
1361 1750 1542 1784 rationale
1559 1760 1624 1792 est,

187 1808 233 1842 τφ
243 1795 303 1829 ΡΙ.
314 1793 347 1830 4.
366 1796 436 1829 Col.
461 1797 496 1832 {R
507 1816 554 1822 —
565 1798 630 1836 82.
648 1813 694 1826 =
720 1797 885 1831 Virtutes

187 1855 209 1888 q
218 1855 240 1875 ιι
251 1854 272 1875 υ
281 1854 358 1888 que.
376 1853 396 1874 s
402 1842 474 1877 Gort
483 1840 542 1875 P‘t.
553 1858 598 1871 =
609 1843 771 1876 Virtutes
791 1844 807 1876 i
814 1851 828 1875 t
838 1855 881 1875 a—

186 1900 262 1931 que.
310 1887 401 1920 Pinc-
425 1888 465 1920 ci.
478 1903 522 1916 =
540 1888 740 1922 rationales
770 1889 845 1920 sin
856 1896 882 1921 t.

189 1933 255 1968 Gffl
265 1947 311 1961 =
324 1945 375 1978 sp
384 1945 403 1965 e
414 1946 448 1966 m
472 1933 637 1966 alicuius.
684 1931 742 1966 1³2.
754 1931 788 1966 3.
811 1932 882 1966 Col.

186 1984 230 2007 22:
255 1990 332 2024 spe
354 1978 519 2011 alicuius.
568 1977 627 2011 Pl.
652 1994 699 2007 =
721 1979 885 2024 species

184 2024 351 2057 alicuius.
376 2023 445 2057 Βλυ
457 2039 502 2051 =
513 2025 697 2057 irritatum
719 2035 737 2056 s
745 2025 761 2056 i
770 2031 797 2057 t.
820 2022 882 2056 Ex.

187 2068 351 2102 Francisc.
379 2069 428 2112 (ut
451 2068 626 2102 videbatur
649 2068 821 2112 Pinciano)
835 2083 882 2097 =

186 2115 426 2147 incitatum
475 2123 540 2147 est.
597 2116 623 2146 B
645 2130 691 2143 =
725 2115 762 2147 in
789 2124 882 2147 etum

185 2171 203 2189 c
214 2171 233 2189 ο
244 2160 336 2205 epit.
387 2158 448 2192 GR
458 2160 492 2194 {R
510 2175 555 2188 =
568 2169 697 2193 assent
708 2161 744 2192 io
761 2127 824 2191 liic
846 2166 881 2192 et

184 2203 272 2235 alibi.
323 2203 352 2237 ’ὶί
365 2217 411 2231 =
430 2215 538 2237 assen
549 2217 567 2237 s
578 2218 600 2237 u
610 2217 638 2237 S.
690 2205 720 2238 G
734 2204 821 2248 (sm)
835 2220 881 2234 =

183 2249 412 2291 confirmavit
434 2247 459 2280 Ῐι
468 2261 489 2282 o
498 2261 531 2281 m
539 2261 559 2282 ο
585 2251 765 2295 impetum.

229 2291 282 2325 15.
306 2293 388 2325 Post
405 2301 490 2326 tunc
509 2294 646 2326 demum
658 2294 763 2328 sedeo
775 2305 879 2338 quae-

181 2336 259 2370 dam
279 2336 439 2369 excidisse
460 2337 625 2371 videntur.
671 2340 707 2373 {R
722 2353 768 2366 =
783 2340 826 2370 H
832 2351 851 2371 o
861 2351 882 2371 c

181 2393 288 2416 assen
301 2391 315 2415 t
324 2383 360 2415 io
385 2383 422 2414 in
445 2383 586 2415 virtute.
633 2381 692 2415 P4.
712 2398 758 2411 =
778 2385 850 2416 Put
859 2395 879 2416 ο

181 2428 278 2460 enim
307 2427 538 2473 prudentiam
570 2439 592 2460 a
601 2429 693 2460 nim
704 2441 727 2460 a
739 2429 755 2461 l
785 2441 874 2462 esse.

182 2472 273 2505 Pinc.
309 2472 349 2505 ci.
370 2487 416 2500 =
438 2474 535 2506 Puta
575 2474 761 2506 animal
785 2486 878 2520 pru-

180 2518 340 2551 dentiam
359 2530 449 2551 eese.
496 2530 538 2552 κυ
549 2517 712 2556 (ξ-ἒΒΙ.
729 2523 764 2558 -l-
782 2521 877 2552 Puta

180 2564 276 2596 enim
307 2563 535 2608 prudentiam
567 2575 591 2596 a
601 2575 624 2595 n
633 2564 649 2595 i
657 2575 690 2595 m
700 2576 723 2596 a
733 2565 749 2597 l
782 2577 870 2598 esse.

179 2619 277 2652 quam
298 2608 496 2654 scripturam
517 2607 649 2653 refutat⁸
657 2608 760 2642 Gron.
787 2610 819 2642 G
830 2628 873 2635 -—

178 2665 256 2687 esee
285 2659 364 2697 post
391 2654 630 2698 prudentiam.
675 2656 718 2697 γδ
729 2669 773 2683 =
784 2666 872 2699 quo-

177 2699 278 2732 modo
319 2707 441 2731 assent
452 2700 533 2732 iet.
596 2701 617 2745 β
637 2712 683 2738 =
700 2700 871 2745 quomodo

175 2751 300 2776 assent
309 2744 324 2775 i
333 2755 352 2776 e
362 2755 385 2775 n
394 2752 419 2776 t.
469 2744 593 2788 (36an
607 2742 665 2777 Pl.
678 2742 711 2777 4.
739 2743 810 2777 Col.
834 2746 869 2780 §R

172 2805 219 2813 —
230 2790 294 2827 52.
306 2802 352 2817 =
362 2789 427 2821 hoc
446 2799 578 2823 natura
599 2801 668 2822 non
687 2802 713 2835 p
722 2801 743 2822 r
752 2802 775 2823 a
786 2802 805 2823 e
813 2791 866 2822 ci-

170 2835 237 2878 pit.
285 2833 377 2877 Lips.
406 2833 446 2866 ci.
467 2846 512 2863 ιτ·
536 2835 601 2868 hoc
631 2843 764 2868 natura
797 2846 866 2867 non

929 1797 1069 1829 animal
1087 1803 1153 1828 est.
1200 1806 1272 1829 0=
1287 1796 1325 1828 V
1322 1797 1414 1828 irtus
1432 1796 1468 1828 si
1486 1797 1629 1830 animal

929 1850 983 1874 est
1005 1841 1196 1874 rationale.
1241 1840 1304 1874 Βιλ
1314 1855 1360 1869 =
1372 1851 1459 1887 ergo
1488 1842 1628 1876 animal

930 1899 953 1919 n
964 1899 983 1919 o
994 1899 1017 1919 n
1038 1899 1057 1919 e
1067 1901 1085 1918 s
1096 1896 1121 1920 t.
1149 1889 1204 1925 04-
1212 1897 1298 1931 ergo
1309 1898 1374 1919 nec
1382 1887 1524 1920 animal
1541 1899 1561 1920 e
1570 1896 1623 1920 st.

931 1932 1053 1976 BG(n.)
1071 1933 1134 1964 Sac
1145 1933 1214 1970 ‘lt-{-
1224 1933 1339 1964 virtus
1359 1939 1477 1965 autem
1500 1931 1624 1966 bonum

929 1989 1017 2010 non
1037 1985 1101 2010 est.
1122 1977 1210 2009 unde
1222 1977 1256 2012 Ξ
1272 1981 1307 2015 —l-
1322 1976 1446 2009 bonum
1466 1977 1620 2022 [omne]

929 2030 993 2056 est.
1017 2034 1040 2067 η
1050 2038 1094 2051 =
1103 2024 1192 2056 Pac
1199 2034 1219 2055 e
1226 2033 1261 2054 m
1277 2034 1424 2056 servare
1435 2021 1620 2068 utrobique.

968 2069 1166 2114 prudenter
1188 2081 1206 2101 s
1217 2080 1236 2100 e
1245 2078 1269 2099 n
1277 2074 1291 2100 t
1302 2080 1322 2100 e
1331 2078 1353 2100 n
1364 2075 1379 2100 t
1387 2069 1404 2100 i
1413 2080 1437 2101 a
1447 2079 1480 2100 m
1503 2068 1623 2102 dicere

926 2128 972 2141 =
983 2114 1056 2157 Βγδ
1069 2114 1149 2149 21&
1181 2111 1261 2145 hinc
1278 2112 1445 2157 Βεζιλτυφ
1466 2113 1503 2148 {R
1520 2131 1567 2138 —
1586 2114 1621 2148 Β

926 2174 973 2187 --
992 2167 1027 2191 et
1050 2157 1168 2204 prude
1177 2169 1201 2190 n
1210 2158 1249 2190 ti
1259 2170 1282 2190 a
1292 2169 1326 2190 m
1351 2158 1479 2192 dicere.
1528 2157 1560 2190 G
1573 2173 1619 2187 =

927 2212 962 2236 et
989 2203 1105 2248 prude
1113 2215 1137 2235 n
1148 2211 1162 2234 t
1171 2203 1218 2235 ia
1227 2213 1261 2234 m
1283 2203 1424 2235 animal
1441 2211 1506 2235 est.
1553 2203 1600 2241 (³31
1608 2228 1617 2239 .

925 2266 971 2273 ·-
984 2249 1048 2283 {ma
1062 2266 1109 2272 —
1123 2247 1346 2280 sententiam.

971 2305 1031 2325 res
1053 2304 1106 2325 ex
1115 2293 1131 2324 i
1138 2291 1158 2325 b
1166 2292 1182 2324 i
1190 2300 1206 2325 t
1214 2306 1261 2320 =
1271 2291 1451 2336 Βαγδιλπφ
1468 2292 1582 2336 (8.m.).

925 2350 942 2372 0
954 2352 1000 2366 =
1013 2350 1071 2370 res
1094 2337 1187 2370 exhi
1198 2336 1217 2369 b
1227 2345 1281 2370 et.
1327 2336 1484 2381 Bszeqa
1503 2338 1620 2373 101-

925 2384 988 2421 OEl.
1005 2398 1051 2411 =
1064 2394 1123 2415 ree
1143 2382 1307 2428 exegit.
1345 2392 1407 2425 εηυ
1418 2395 1534 2416 =res
1553 2396 1617 2416 es-

922 2429 936 2460 i
945 2428 1031 2474 git.
1056 2428 1199 2461 fortasse
1233 2426 1298 2459 fuit
1326 2426 1537 2460 scribendum
1558 2439 1617 2462 res

922 2473 1046 2506 exiit.
1092 2484 1273 2507 m0=res
1295 2472 1456 2518 exiget.
1481 2475 1555 2511 32.
1567 2491 1612 2498 —

922 2519 969 2555 Ξ.
983 2534 1030 2547 =
1053 2531 1113 2551 res
1133 2517 1343 2551 excedet.

963 2565 1167 2597 Prudenter
1178 2572 1297 2596 tacere
1310 2562 1435 2595 bonum
1445 2570 1510 2596 est.
1533 2575 1614 2596 coe—

919 2621 1009 2642 nare
1025 2609 1112 2642 bene
1132 2607 1256 2641 bonum
1277 2616 1388 2640 est=
1398 2607 1425 2640 R
1453 2609 1509 2642 ιλπ
1518 2607 1611 2641 Pinc.

918 2667 948 2687 v.
973 2654 995 2687 l.
1022 2655 1048 2687 P
1057 2653 1089 2687 2.
1113 2652 1147 2686 3.
1168 2655 1227 2689 §Ru
1243 2670 1292 2678 -
1310 2653 1358 2688 Θ.
1499 2654 1612 2696 δεητψ

915 2700 951 2735 {R
973 2718 1016 2725 —
1039 2701 1067 2734 (ξ
1080 2703 1110 2737 1.
1133 2697 1392 2732 =Prudenter
1409 2705 1530 2730 tacere
1549 2698 1610 2730 bo—

914 2756 998 2777 num
1019 2753 1083 2778 est.
1119 2744 1173 2777 ita
1195 2751 1230 2776 et
1250 2751 1379 2776 tacere.
1426 2742 1481 2776 Ge
1499 2741 1559 2775 Pl.
1572 2741 1606 2776 4.

913 2792 978 2828 52.
988 2805 1034 2819 =
1045 2789 1249 2822 Prudenter
1266 2797 1386 2822 tacere
1399 2795 1435 2820 et
1456 2799 1608 2821 coenare

912 2835 1036 2869 bonum
1059 2842 1114 2868 eet
1135 2833 1183 2879 [G
1193 2848 1240 2863 =
1250 2841 1304 2867 est
1325 2831 1476 2877 bonumJ.
1500 2833 1554 2868 ita
1569 2841 1605 2867 et

1734 1911 1742 1987 m.-

1733 2119 1742 2294 -i—...-.=fi.-m.⁴
1729 2089 1733 2095 '
1736 2071 1737 2074 „
