1742 3094
169 166 254 212 472
620 168 666 209 L.
694 169 892 210 ANNAEI
923 169 1152 210 SENECAE

137 289 155 317 2
171 287 303 323 tamen
324 280 381 322 sic
398 286 538 323 cuncta
556 281 792 338 depascitur,
823 290 868 324 ut
886 282 981 324 nihil
997 283 1102 323 ferro
1118 282 1328 337 relinquat.
1389 281 1606 340 Terrarum

171 363 326 405 quoque
350 350 421 391 uix
454 364 635 406 umquam
662 358 741 392 tam
771 351 904 406 grauis
929 357 970 392 et
992 350 1236 405 perniciosus
1260 349 1334 391 fuit
1363 357 1519 403 motus,
1564 357 1609 392 nt

170 424 252 458 tota
269 417 406 473 oppida
421 426 634 460 euerteret.
686 418 909 474 Numquam
929 418 1095 474 denique
1111 425 1188 459 tam
1205 418 1386 460 infestum
1407 418 1472 459 ulli
1489 432 1608 472 exure

168 485 221 526 sit
238 485 473 538 incendium,
506 493 550 528 ut
570 487 665 528 nihil
687 486 799 528 alteri
821 493 1049 542 superesset
1069 486 1267 527 incendio.
1329 486 1413 527 Tot
1429 485 1608 541 pulcher-

167 552 268 595 rima
294 567 419 610 opera>
441 568 539 610 quae
569 554 722 610 singula
747 554 968 595 inlustrare*
990 554 1109 596 urbes
1133 554 1307 610 singulas
1342 561 1503 609 possent
1529 567 1608 595 una

166 633 251 663 nox
280 622 446 664 strauitz
492 623 592 664 etin
617 629 725 663 tanta
755 635 853 678 pace
885 628 1068 676 quantum
1089 635 1139 663 ne
1163 622 1266 663 bello
1294 622 1447 676 quidem
1477 622 1608 663 timeri

165 694 297 744 potest
330 689 485 731 accidit.
547 687 647 744 Quis
676 689 751 730 hoc
773 689 939 730 credat?
981 689 1122 744 ubique
1154 689 1274 730 armis
1297 689 1604 744 quiescentibus,

166 769 253 797 cum
275 763 358 797 toto
380 757 475 798 orbe
506 763 700 799 terrarum
734 756 876 798 diffusa
909 756 1101 798 securitas
1123 756 1198 808 sit,
1241 755 1476 812 Lugdunum
1505 757 1608 812 quod

87 858 91 861 .
133 836 149 861 ³
167 823 448 866 ostendebatur
464 825 505 866 in
528 824 659 867 Gallia
679 825 892 880 quaeritur.
953 821 1147 866 Omnibus
1167 825 1321 869 fortuna
1338 838 1436 879 qnos
1457 824 1608 880 publice

165 891 318 933 adflixit
354 893 454 947 quod
489 893 642 949 passuri
677 900 792 935 crant
825 893 965 934 timere
996 892 1188 948 permisit.
1249 892 1354 933 nulla
1374 905 1442 933 res
1469 905 1609 949 magna

163 972 244 1000 non
261 959 416 1015 aliquod
435 961 571 1003 habuit
587 961 725 1003 ruinae
747 973 842 1002 suae
863 960 1028 1018 spatium
1043 978 1055 1002 z
1085 960 1127 1001 in
1147 959 1218 1001 hac
1238 974 1316 1001 una
1331 974 1415 1001 nox
1430 960 1608 1002 interfuit

162 1025 268 1067 inter
297 1028 431 1069 urbem
473 1028 682 1070 maximam
715 1036 755 1070 et
784 1029 945 1070 nullam.
1005 1027 1188 1082 Denique
1227 1028 1372 1068 diutius
1401 1027 1505 1068 illam
1535 1028 1606 1069 tibi

161 1094 315 1148 perisse
341 1111 454 1150 quam
481 1097 598 1152 periit
631 1111 764 1138 narro.
826 1095 936 1138 Haec
969 1095 1099 1136 omnia
1121 1094 1316 1136 Liberalis
1348 1095 1473 1136 nostri
1499 1096 1606 1137 adfe-

162 1167 266 1203 ctum
282 1163 471 1205 inclinant
486 1165 675 1206 aduersus
692 1178 764 1206 sua
787 1164 939 1206 firmum
959 1170 999 1205 et
1021 1170 1210 1204 erectum.
1269 1161 1359 1204 Nec
1378 1163 1464 1204 sine
1485 1177 1605 1205 causa

162 1243 379 1273 concussus
404 1239 494 1274 est:
526 1232 798 1288 inexspectata
822 1232 907 1287 plus
930 1231 1159 1286 adgrauant.
1219 1230 1375 1271 nouitas
1399 1231 1517 1271 adicit
1539 1245 1604 1272 ca-

159 1296 395 1341 lamitatibus
412 1301 562 1356 pondus
580 1314 653 1341 nec
672 1300 874 1355 quisquam
892 1299 1113 1340 mortalium
1128 1313 1207 1339 non
1224 1298 1350 1353 magis
1370 1299 1470 1353 quod
1489 1298 1605 1340 etiam

126 1378 144 1405 4
162 1364 325 1408 miratus
344 1374 404 1410 est
423 1368 558 1410 doluit.
618 1366 714 1409 Ideo
739 1368 835 1409 nihil
853 1367 966 1409 nobis
984 1366 1227 1423 inprouisum
1248 1379 1339 1406 esse
1365 1366 1494 1407 debet.
1555 1365 1604 1407 In

163 1435 293 1476 omnia
319 1436 602 1491 permittendus
634 1435 786 1478 animus
810 1435 1135 1491 cogitandumque
1171 1447 1250 1475 non
1271 1434 1451 1488 quicquid
1483 1434 1600 1487 solet,

160 1503 230 1543 sed
250 1503 428 1560 quicquid
449 1511 578 1560 potest
597 1503 699 1545 fieri.
762 1502 866 1558 Quid
887 1503 991 1544 enim
1014 1509 1076 1545 est
1094 1503 1195 1558 quod
1215 1516 1294 1543 non
1312 1503 1482 1554 fortuna,
1515 1516 1602 1544 cum

158 1570 306 1623 noluit,
340 1586 394 1613 ex
417 1571 694 1613 florentissimo
719 1571 928 1619 detrahat?
958 1571 1058 1625 quod
1081 1584 1161 1610 non
1183 1584 1232 1611 eo
1251 1570 1377 1624 magis
1400 1570 1604 1624 adgredia-

160 1644 225 1679 tur
244 1645 284 1679 et
304 1639 450 1694 quatiat
481 1653 557 1695 quo
592 1638 810 1695 speciosius
841 1638 992 1693 fulget?
1050 1636 1153 1690 Quid
1186 1637 1241 1677 illi
1268 1638 1428 1677 arduum
1460 1638 1601 1692 quidue

160 1705 312 1748 difficile
337 1708 428 1749 est?
485 1706 581 1748 Non
609 1721 684 1748 una
716 1706 779 1747 uia
815 1720 996 1761 semper,
1040 1718 1090 1746 ne
1116 1711 1199 1745 tota
1228 1704 1381 1759 quidem
1418 1704 1599 1746 incurrit.

159 1772 283 1816 Modo
301 1781 457 1816 nostras
478 1774 519 1816 in
540 1789 613 1816 nos
635 1788 773 1816 manus
796 1774 976 1826 aduocat,
1008 1772 1124 1814 modo
1147 1772 1228 1813 suis
1249 1779 1433 1814 contenta
1452 1772 1601 1814 uiribus

205 1890 270 1936 βσυ
281 1904 326 1918 =
338 1898 376 1923 ut
397 1889 497 1923 niltil
517 1888 596 1934 fer
605 1902 636 1922 e.

203 1944 236 1978 2.
262 1947 292 1980 ’ἕ
313 1964 357 1972 -
377 1958 551 1992 umquam.
630 1946 660 1979 '11
678 1960 724 1974 =
743 1945 860 1977 Num-

157 2003 264 2037 quam
288 1992 313 2024 d
323 1993 366 2024 ei
377 2004 399 2024 n
410 1991 435 2024 d
445 2006 475 2025 e.
546 2002 563 2025 ε
582 1991 624 2024 ci.
637 1990 730 2035 Lips.
741 2006 787 2019 =
799 1992 860 2023 in-

147 2037 288 2082 Jiestum
309 2038 391 2070 ullu
401 2050 445 2071 m.
517 2036 610 2080 Lips.
635 2036 675 2069 ci.
701 2036 801 2068 etiam
813 2051 860 2064 =

156 2083 212 2116 ull
220 2084 234 2115 i
243 2082 263 2115 b
273 2083 300 2115 i.
347 2094 432 2128 αιφχ
441 2101 488 2108 -
496 2083 575 2115 ulli.
645 2083 674 2117 21
685 2097 730 2111 =
743 2093 859 2127 quan-

156 2135 229 2160 tum
250 2129 296 2160 in
314 2127 414 2162 bello.
471 2126 606 2171 B(mm)
618 2145 664 2151 --
675 2128 762 2168 Quis
781 2133 859 2159 ante

155 2172 221 2204 ltoc
251 2173 388 2206 credat.
436 2171 497 2206 P3.
514 2172 586 2205 Col.
605 2176 639 2211 4-
658 2184 754 2205 cum
776 2170 856 2204 ubi-

152 2229 327 2295 queitaeri
336 2269 351 2295 t
363 2272 386 2294 u
396 2273 415 2294 r
430 2275 476 2290 =
491 2262 550 2294 BG
563 2260 714 2305 plerique
741 2272 855 2293 omnae

156 2306 360 2389 ‘affl-32
369 2307 522 2396 5553ss
538 2308 856 2395 ssa23ss⁵¹zs1ffit¹a

154 2409 218 2442 pro
240 2411 283 2430 ur
295 2404 435 2442 apparet
454 2395 725 2439 interrogationis
744 2394 850 2438 nota.)

154 2444 290 2489 Ιὶβιλφχ
307 2443 399 2476 Pinc.
423 2441 497 2476 cod.
519 2448 588 2475 ant.
612 2439 680 2474 1²2.
704 2440 775 2474 Col.
797 2442 855 2476 {Ru

154 2489 219 2525 ³)th
229 2505 275 2518 =
287 2501 376 2534 quae
386 2501 405 2520 r
415 2489 441 2522 i.

198 2547 231 2581 3.
256 2547 438 2578 R—suae
466 2548 545 2589 post
575 2543 714 2576 ruinae.
783 2543 808 2576 P
819 2541 851 2575 2.

155 2591 256 2637 (s.m.)
284 2596 319 2629 -1-
346 2602 420 2623 una
449 2602 519 2623 nox
551 2587 721 2634 interfuit
753 2600 775 2620 n
789 2600 853 2621 on.

154 2639 225 2672 Col.
245 2642 279 2675 —l-
296 2648 369 2669 una
388 2648 458 2668 nox
481 2634 535 2668 ηό
559 2633 740 2680 interfuit.
766 2633 854 2666 unde

154 2685 251 2716 Grut.
274 2682 314 2715 ci.
332 2686 366 2720 ἦ·
383 2693 455 2714 una
484 2693 554 2714 nox
586 2680 713 2712 modo
737 2680 855 2712 inter-

152 2730 234 2772 ficit.
283 2739 383 2771 σφε
395 2739 467 2759 una
483 2738 553 2759 nox
574 2738 595 2758 n
608 2737 660 2758 on
673 2724 767 2771 suit.
793 2724 852 2758 P3.

142 2768 174 2811 ’δὲ
187 2793 226 2799 -
238 2775 306 2811 ffil.
320 2784 449 2806 =una
468 2784 538 2805 nox
551 2769 660 2817 fuit
684 2771 791 2803 inter.

199 2820 263 2855 Gffi
283 2834 328 2847 =
346 2819 538 2852 maximam
561 2825 594 2850 et
618 2815 778 2850 villam.

953 1886 1091 1931 G(moe)
1103 1901 1150 1915 =
1161 1886 1323 1931 Denique
1342 1885 1524 1919 divitius.

950 1935 1033 1966 A:
1046 1944 1150 1978 quam
1179 1945 1245 1977 per
1254 1932 1295 1963 ir
1304 1931 1320 1963 ι’
1352 1943 1473 1964 παι-νο.
1520 1943 1544 1964 n
1555 1943 1603 1965 ec

906 1980 1037 2011 omnia.
1085 1977 1222 2022 B(p.m.)
1238 1989 1354 2022 =per
1364 1977 1403 2009 1·ae
1426 1988 1541 2010 nat-0.

950 2025 1015 2059 2(θὶ
1036 2043 1078 2048 -
1101 2025 1133 2058 z
1154 2038 1199 2051 Ξ
1221 2021 1387 2066 aff'ecmm
1420 2023 1603 2055 inclinan-

906 2070 931 2102 d
941 2082 962 2101 u
974 2082 1008 2101 m
1029 2068 1094 2113 (cui
1109 2069 1142 2102 θὶ
1154 2086 1197 2093 -
1207 2069 1238 2102 Ξ
1249 2066 1425 2099 subiiciunt
1437 2068 1601 2110 movent).

904 2114 993 2146 Hinc
1014 2115 1048 2148 Ε
1065 2118 1100 2151 -f-
1115 2113 1305 2150 inclinant,
1327 2112 1382 2144 du
1394 2125 1436 2143 m.
1471 2124 1487 2146 ε
1498 2123 1599 2144 nonu.

904 2159 960 2192 alii
977 2170 1068 2201 pp=
1088 2158 1223 2190 inclina
1233 2169 1252 2188 r
1263 2169 1285 2188 u
1296 2165 1346 2188 nt.
1391 2156 1478 2188 nell.
1499 2156 1601 2189 etiam

903 2206 952 2236 Ss.
970 2216 1019 2234 ω.
1068 2202 1160 2245 Lips.
1185 2201 1282 2234 ci.=
1301 2202 1479 2234 adversus
1501 2214 1601 2235 sue-

901 2257 959 2282 ta.
1029 2249 1146 2292 msoe)
1157 2247 1333 2292 =adgra
1344 2246 1449 2280 bant.

944 2313 977 2348 4.
986 2329 1013 2361 p
1023 2329 1043 2348 e
1053 2328 1072 2347 r
1083 2315 1278 2348 mittendus
1287 2330 1332 2342 =
1346 2316 1381 2346 B.
1407 2314 1430 2346 i.
1445 2327 1474 2347 e.
1487 2321 1600 2347 trans-

901 2361 1069 2394 ferendus.
1096 2361 1140 2393 cf.
1166 2360 1268 2392 Clem.
1291 2361 1344 2400 11,
1367 2357 1409 2400 6,
1433 2359 1466 2393 2.
1491 2362 1600 2393 etiam

901 2407 950 2439 ad
972 2407 1200 2438 calamitosos
1220 2424 1264 2430 —
1287 2404 1476 2438 bonitatem
1497 2418 1600 2438 suam

902 2451 1062 2496 [sapiens]
1092 2464 1117 2497 p
1128 2464 1147 2484 e
1158 2463 1177 2483 r
1187 2451 1315 2484 mittet.
1364 2451 1488 2486 Gmfffl
1503 2471 1546 2476 ·-
1563 2452 1598 2487 6

898 2513 945 2526 =
954 2510 978 2542 p
989 2511 1007 2530 r
1019 2510 1042 2529 a
1053 2510 1073 2530 e
1082 2496 1287 2530 mittendus.
1338 2496 1418 2527 Post
1437 2496 1503 2528 hoc
1519 2508 1600 2529 ver—

899 2542 979 2575 bum
1001 2542 1118 2575 sustuli
1141 2551 1206 2577 est.
1226 2541 1317 2585 quod
1338 2540 1372 2572 in
1385 2541 1474 2572 BGR
1487 2541 1595 2584 (pan.)

899 2600 967 2621 non
987 2587 1118 2632 legitur.
1181 2586 1319 2630 (ἥψω)
1330 2601 1376 2614 --
1387 2587 1524 2631 cogitat
1533 2587 1548 2618 i
1556 2597 1598 2618 ο-

901 2633 1040 2666 nibus
1064 2644 1134 2666 non
1155 2632 1333 2678 quicquid.
1401 2632 1598 2668 (ἴλη-ὧι

899 2694 946 2708 =
967 2687 1009 2711 ec
1041 2679 1304 2722 florentissimo
1336 2681 1452 2708 contra
1493 2682 1598 2708 mstos

901 2724 1001 2757 etiam
1027 2725 1084 2757 Gr.
1114 2730 1150 2756 et
1182 2729 1266 2755 vett.
1301 2720 1378 2754 edd.
1446 2721 1475 2755 ’Χ
1498 2736 1544 2748 =
1564 2729 1599 2753 et

900 2783 946 2815 qu
957 2782 979 2802 α
991 2782 1012 2801 n
1024 2779 1038 2802 ι
1050 2770 1064 2802 ι’
1099 2769 1123 2801 Ιι
1134 2780 1158 2801 a
1166 2781 1186 2801 c
1225 2778 1293 2814 quo
1326 2777 1418 2811 spec.
1488 2765 1599 2799 Maior

901 2827 977 2860 pars
992 2827 1030 2860 ρρ
1042 2815 1071 2850 221
1082 2830 1127 2843 =
1138 2825 1162 2847 n
1173 2814 1219 2848 ec'
1241 2820 1317 2846 tota
1335 2811 1487 2857 quidem.
