1742 3094
187 175 268 217 562
646 173 687 210 L.
720 148 914 210 ANNAffl
948 170 1175 210 sENEcAE

189 288 251 328 dia
279 286 364 327 aliis
405 285 579 340 partibus
621 283 796 338 corporis
837 282 1021 323 salutaria
1063 282 1173 323 uelut?
1211 283 1322 322 foeda
1362 290 1401 322 et.
1442 283 1625 323 indecora

190 353 363 396 adhiberi
402 352 487 394 aliis
516 358 740 407 nequeunt:
783 357 823 392 et
849 350 951 405 quod
986 349 1105 391 aliubi
1129 349 1335 403 prodesset
1367 348 1454 390 sine
1486 349 1625 390 damno

192 420 451 464 uerecundiae
489 420 527 461 id
555 421 598 460 fit
630 419 881 460 inhonestum
920 417 1008 459 loco
1039 417 1228 458 uolneris.
1301 415 1396 458 Nou
1433 423 1474 458 te
1510 417 1625 473 pudet

191 492 335 531 luctum
375 489 574 544 uoluptate
615 487 787 528 sanare?
848 483 1038 527 Seuerius
1082 485 1176 544 ista.
1200 484 1312 540 plaga
1341 484 1516 526 curanda
1544 491 1620 526 est.

189 556 288 599 lllud
311 556 437 612 potius
462 556 628 597 admone
656 554 802 595 nullum
833 552 923 594 mali
951 566 1111 594 sensum
1138 553 1187 593 ad
1212 566 1300 593 eum
1317 552 1382 607 qui
1408 552 1509 608 perit
1537 565 1624 608 per--

194 625 353 666 uenire:
387 637 476 665 nam
500 623 534 664 si
557 621 757 678 peruenit,
790 635 870 661 non
892 620 1008 675 perit.
1067 617 1214 672 Nulla,
1245 620 1416 675 inquam,
1449 633 1515 662 res
1537 633 1625 661 eum

143 705 177 731 ’ῃ
195 692 312 734 laedit
333 691 397 746 qui
417 691 543 732 nullus
567 696 648 731 est:
681 689 803 740 uiuit,
835 687 870 729 si
892 687 1074 729 laeditur.
1133 685 1276 728 Utrum
1299 694 1412 744 putas
1436 687 1492 729 illi
1527 687 1626 728 male

193 773 308 810 esse,
341 758 443 814 quod
463 758 590 799 nullus
617 758 703 798 est?
733 770 783 797 an
805 755 907 811 quod
939 761 1001 796 est
1025 755 1150 797 adhuc
1180 754 1348 810 aliquis?
1404 754 1528 809 Atqui
1555 767 1627 796 nec

196 841 248 868 ex
271 840 319 868 eo
346 832 476 881 potest
496 826 532 866 ei
560 831 797 866 tormentum
829 836 918 865 esse
945 823 1046 877 quod
1074 837 1155 864 non
1185 829 1268 863 est:
1300 822 1386 877 quis
1410 822 1515 863 enim
1544 822 1629 863 nul·

195 895 269 935 lius
295 907 438 935 sensus
464 894 553 935 est?
583 906 656 934 nec
690 906 742 933 ex
769 906 816 933 eo
848 891 950 946 quod
983 897 1065 932 est:
1111 890 1247 945 effugit
1276 889 1380 931 enim
1418 889 1629 930 maximum

196 962 333 1003 mortis
365 961 652 1002 incommodum
693 974 771 1001 non
807 973 911 1000 esse.
974 957 1073 999 Illud
1108 971 1261 1013 quoque
1291 958 1464 999 dicamus
1495 957 1531 998 ei
1567 957 1632 1011 qui

145 1048 180 1070 :ns
198 1030 315 1071 deflet
345 1043 390 1070 ac
410 1029 607 1070 desiderat
639 1028 679 1068 in
705 1034 835 1068 aetate
856 1020 989 1081 'prima
1020 1032 1196 1081 raptumz
1241 1023 1416 1076 Omnes,
1448 1031 1630 1080 quantum

197 1098 246 1138 ad
269 1097 500 1138 breuitatem
524 1095 635 1146 aeui,
669 1095 702 1135 si
728 1095 912 1135 uniuerso
935 1106 1151 1149 conpares,
1184 1100 1224 1133 et
1251 1093 1416 1134 iuuenes
1441 1099 1482 1134 et
1513 1105 1630 1133 senes

197 1166 237 1206 in
259 1178 386 1220 aequo
407 1176 558 1206 sumus.
590 1162 725 1204 Minus
749 1162 853 1204 enim
873 1162 921 1202 ad
939 1176 1013 1203 nos
1036 1175 1090 1202 ex
1112 1167 1242 1201 aetate
1259 1160 1369 1201 omni
1390 1160 1499 1202 uenit
1517 1173 1631 1215 quam

199 1233 300 1287 quod
329 1231 531 1272 minimum
561 1244 652 1272 esse
683 1230 767 1285 quis
806 1229 975 1280 dixerit,
1030 1227 1213 1283 quoniam
1245 1228 1417 1282 quidem.
1433 1227 1632 1268 minimum

198 1300 327 1355 aliqua
351 1313 440 1355 pars
463 1305 549 1340 est:
583 1298 658 1339 hoc
680 1298 782 1353 quod
806 1297 975 1338 uiuimus
998 1295 1221 1352 proximum
1247 1295 1367 1336 nihilo
1396 1302 1482 1336 est:
1515 1301 1556 1336 et
1575 1301 1634 1335 ta·-

148 1382 182 1410 ‘29
200 1381 289 1409 men
315 1368 357 1422 (o
380 1366 614 1408 dementiam
644 1364 863 1418 nostraml)
893 1364 971 1405 late
997 1363 1230 1418 disponitur.
1290 1362 1402 1404 Haec
1437 1362 1505 1404 tibi
1535 1363 1634 1404 scri-

200 1436 283 1491 psi,
317 1449 396 1475 non
419 1441 614 1489 tamquam
640 1440 942 1489 exspectaturus
968 1444 1078 1473 esses
1104 1430 1319 1472 remedium
1347 1444 1370 1471 a
1389 1444 1452 1472 me
1470 1437 1548 1471 tam
1571 1443 1633 1471 se-

199 1516 312 1544 rum:
346 1502 468 1557 liquet
491 1502 593 1542 enim
618 1501 711 1542 mihi
740 1507 778 1542 te
809 1501 979 1542 locutum
1009 1506 1138 1541 tecum
1160 1498 1341 1553 quicquid
1370 1498 1542 1539 lecturus
1555 1493 1631 1539 es:

199 1568 335 1611 sedut
360 1569 595 1623 castigarem
626 1569 730 1609 illam
755 1569 939 1623 exiguam
959 1580 1109 1608 moram
1143 1580 1218 1620 qua
1241 1580 1267 1607 a
1295 1573 1334 1607 te
1364 1565 1566 1607 recessisti
1596 1572 1635 1605 et

199 1638 239 1677 in
279 1636 473 1691 reliquum
512 1636 767 1686 adhortarer‚
807 1642 944 1676 contra
979 1635 1173 1675 fortunam
1211 1633 1370 1674 tolleres
1409 1633 1559 1674 animos
1595 1640 1634 1673 et

201 1704 330 1746 omnia
364 1703 449 1745 eius
475 1703 577 1755 tela,
619 1717 698 1743 non
732 1709 925 1757 tamquam
959 1707 1122 1757 possent
1149 1700 1312 1751 uenire,
1345 1701 1413 1742 sed
1442 1707 1634 1756 tamquam

201 1771 334 1826 utique
366 1778 499 1813 essent
531 1777 723 1821 uentura,
757 1769 1018 1826 prospiceres.
1080 1766 1191 1809 Uale.

566 1931 570 1934 .
613 1891 956 1936 EPISTULA
987 1891 1040 1933 v.
1074 1894 1220 1947 (100.)

587 1960 743 2003 SENECA
773 1959 938 2004 Lucmo
968 1974 1040 2003 sco
1071 1974 1260 2002 SALUTEM.

313 2039 477 2082 Fabiani
504 2039 650 2096 Papirii
672 2040 792 2082 libros
825 2040 891 2095 qui
916 2039 1184 2082 inscribuntur
1211 2037 1410 2081 Ciuilium
1433 2037 1577 2093 legisse
1598 2044 1636 2078 te·

244 2128 298 2164 26.
312 2132 338 2163 Β
351 2146 396 2160 =
407 2129 528 2163 saluta
541 2142 559 2162 r
572 2131 596 2163 i.
633 2131 661 2164 ’ὶί
674 2145 718 2158 =
731 2130 898 2164 adhiberi
943 2142 1006 2163 xer
1017 2131 1032 2163 i
1043 2142 1071 2162 s.
1117 2130 1200 2163 2s=
1211 2139 1255 2174 qu
1266 2141 1288 2161 α
1297 2140 1320 2160 n
1331 2129 1356 2160 d
1365 2138 1385 2159 o
1408 2127 1548 2172 quidem
1567 2128 1635 2158 mi·-

200 2177 288 2210 aliia
312 2188 330 2207 r
341 2187 389 2220 eq
398 2187 420 2207 u
430 2176 444 2207 i
453 2187 503 2208 tu
514 2186 536 2207 n
550 2183 575 2208 t.
943 2177 1085 2208 nimum.
1124 2175 1150 2204 B
1162 2174 1414 2218 =proximum
1433 2171 1497 2204 nih
1507 2171 1548 2204 il
1568 2180 1632 2204 est.

244 2220 336 2265 quod
359 2220 452 2252 aliu
463 2219 482 2252 b
492 2221 507 2252 i
528 2220 715 2265 prodesset
725 2234 772 2248 ==
782 2221 857 2256 B&
941 2221 977 2255 {R
998 2237 1043 2243 -
1063 2220 1119 2256 24.
1143 2234 1188 2246 τε
1209 2226 1244 2250 et
1265 2226 1384 2250 tamen
1416 2227 1436 2249 ο
1447 2216 1468 2249 b
1491 2217 1635 2249 demen—

200 2266 313 2298 Nonn.
336 2276 373 2308 ρρ
398 2279 443 2292 =
462 2265 526 2296 ali
537 2264 634 2296 cubi.
694 2265 754 2297 GR
767 2265 832 2299 'zfflt
851 2282 896 2289 -
942 2265 1040 2297 tiam.
1088 2264 1116 2297 ’ὶί
1128 2279 1172 2291 =
1186 2271 1221 2296 et
1242 2271 1360 2296 tamen
1378 2274 1405 2308 p
1418 2273 1465 2295 er
1488 2262 1633 2308 ‹legnan-

201 2311 264 2347 Ἧζα
274 2325 320 2337 =
333 2308 449 2341 alibi.
496 2310 521 2340 B
532 2324 578 2337 =
590 2310 673 2342 Non
700 2309 725 2340 d
735 2322 754 2341 e
771 2309 893 2354 pudet.
942 2310 1040 2342 tiam.

200 2355 226 2387 P
237 2354 271 2387 4.
295 2354 330 2390 θὶ
353 2372 396 2378 -
414 2353 460 2388 Μ
483 2368 528 2381 =
542 2354 659 2399 plaga
691 2364 710 2385 s
721 2365 744 2386 a
754 2365 777 2385 n
788 2365 811 2386 a
822 2354 896 2386 nda
985 2351 1040 2385 29.
1066 2354 1094 2385 R
1113 2369 1159 2382 =
1179 2365 1201 2398 q
1210 2365 1233 2386 u
1243 2364 1310 2387 am
1333 2365 1357 2386 a
1385 2360 1420 2385 te
1441 2353 1634 2385 recessisti.

200 2408 266 2433 est.
326 2400 361 2435 Ε
373 2413 418 2426 =
427 2399 488 2443 qui
493 2410 561 2444 per
570 2399 584 2430 i
593 2399 607 2430 i
615 2406 631 2431 t
652 2405 767 2431 contra
778 2404 892 2431 mstos.
942 2399 971 2433 (ξ’
985 2403 1014 2435 1.
1027 2417 1070 2423 —
1084 2399 1149 2434 ‘ma
1169 2414 1215 2428 =
1234 2411 1254 2432 e
1262 2411 1287 2431 x
1295 2398 1472 2431 hortarer.
1519 2397 1632 2430 Nonn-

202 2444 341 2488 (ἥψω)
353 2458 400 2472 =
411 2444 470 2495 qu}
491 2444 628 2489 percip
639 2444 688 2475 it.
727 2444 791 2481 (321.
801 2461 849 2468 —
860 2443 894 2479 &
940 2454 1025 2476 recc-
1039 2455 1076 2487 ρρ
1094 2449 1129 2483 -ὶ-
1144 2453 1190 2477 ιιι
1212 2443 1439 2478 adhortor-er.
1465 2443 1494 2478 ’ὶί
1505 2457 1552 2471 =
1561 2453 1634 2474 ex·-

201 2505 246 2518 =
257 2501 327 2523 non
345 2489 435 2536 peri
445 2501 458 2521 ι
469 2497 484 2521 t
508 2495 623 2522 contra
642 2494 757 2520 mstos.
804 2489 838 2523 ΞΒ
852 2507 894 2513 -
940 2489 1083 2522 tolleres
1107 2489 1206 2523 anim
1215 2502 1238 2523 u
1247 2501 1291 2524 m.
1336 2489 1372 2524 θὶ
1383 2504 1428 2516 =
1441 2500 1460 2521 e
1472 2500 1492 2520 v
1503 2488 1611 2521 enim.

201 2547 284 2568 nam
307 2536 340 2568 si
383 2535 540 2575 ervenit,
564 2545 633 2566 non
649 2534 756 2578 perit.
1074 2568 1081 2575 ⁸

245 2578 300 2613 27.
326 2581 356 2613 iz
372 2580 387 2612 ι·
404 2580 509 2612 male
538 2590 616 2612 esse
635 2593 680 2607 =
704 2578 792 2610 Bon
805 2579 895 2614 Sam
1041 2568 1116 2601 L1b·
1139 2569 1232 2602 XVI·
1279 2569 1341 2612 Ep·
1366 2566 1399 2600 5·
1426 2565 1531 2611 (100·)

202 2644 245 2650 —
256 2627 288 2660 π
301 2627 367 2663 (ξ2.
380 2625 492 2662 -24,
504 2625 550 2662 6,
597 2623 748 2667 Plerique
758 2634 844 2656 recc.
859 2635 896 2667 ρρ
989 2625 1050 2656 BG
1059 2625 1087 2659 ’ὶί
1097 2639 1144 2653 =
1153 2625 1302 2670 Papiri.
1349 2624 1379 2656 R
1388 2623 1455 2655 mG
1465 2622 1635 2667 αβδζηιπσ

202 2672 244 2702 Sc
256 2671 319 2705 21³8
333 2671 396 2708 (51.
408 2684 455 2699 =
465 2670 541 2703 mal
546 2681 568 2702 u
577 2679 612 2702 m
635 2680 723 2702 esse.
771 2670 842 2704 (Sto
853 2687 898 2693 —
943 2680 988 2713 τφ
1001 2668 1062 2702 Ρ2.
1071 2668 1105 2704 3.
1122 2669 1196 2702 Col.
1209 2668 1340 2714 quidam
1359 2668 1450 2701 Pinc.
1467 2667 1496 2701 1
1510 2670 1544 2705 -ι-
1562 2678 1585 2699 α
1594 2679 1634 2699 ι·-

201 2715 265 2750 {ma
274 2730 321 2743 =
331 2715 408 2748 mal
414 2728 438 2748 a
461 2727 548 2750 esse.
944 2723 959 2747 t
970 2715 1015 2747 iu
1025 2727 1059 2747 m
1082 2715 1252 2749 civilium.
1299 2713 1363 2747 Alii
1381 2712 1471 2746 Pinc.
1493 2727 1539 2740 =
1561 2723 1586 2745 a
1595 2724 1635 2745 r-

245 2757 300 2793 28.
326 2760 446 2805 Βρω)
461 2761 695 2794 -ιιηίνενεσ,
742 2760 771 2794 x
787 2774 832 2788 =
855 2772 896 2792 ex
943 2760 1057 2792 tium
1081 2769 1125 2794 et
1143 2759 1321 2793 Iulium
1342 2759 1425 2803 (non
1441 2756 1577 2798 vilium,
1598 2763 1633 2789 ut

201 2813 319 2839 aetate
350 2816 429 2839 omn
440 2806 485 2839 iu
496 2818 540 2839 m.
589 2807 614 2837 B
625 2820 669 2833 =
682 2805 814 2849 aliquis
836 2805 896 2838 di-
943 2804 1046 2839 tradit
1065 2805 1171 2851 Lips.)
1184 2830 1193 2846 ‚
1218 2804 1273 2838 alii
1284 2818 1329 2833 =
1353 2814 1376 2836 a
1388 2810 1430 2836 rt
1442 2803 1455 2835 i
1463 2814 1486 2836 u
1497 2814 1530 2836 m
1563 2803 1633 2836 Iu·
