1742 3094
181 202 266 245 388
636 199 681 241 L.
711 198 908 240 ANNAEI
939 200 1170 252 SENECAE

184 315 331 367 ebrius,
364 328 444 356 non
462 327 550 355 eum
568 312 632 369 qui
651 313 803 354 futurus
823 319 898 354 est.
957 311 1173 354 Plurimum
1193 313 1296 354 enim
1313 314 1507 356 interesse
1528 329 1622 357 con-

183 384 300 426 cedes
333 383 439 424 inter
469 381 617 423 ebrium
638 387 678 422 et
700 380 926 422 ebriosum:
970 388 1101 436 potest
1119 388 1160 422 et
1182 382 1246 436 qui
1270 381 1401 423 ebrius
1439 390 1499 424 est
1529 390 1621 426 tunc

184 452 350 508 primum
374 443 463 492 esse
485 463 559 491 nec
589 448 734 490 habere
763 448 836 488 hoc
863 447 1026 499 uitium,
1067 455 1107 489 et
1129 449 1196 503 qui
1216 449 1396 490 ebriosus
1423 457 1484 491 est
1502 465 1620 506 saepe

135 531 166 558 ιο
185 528 301 562 extra
324 518 553 560 ebrictatem
579 529 684 557 esse.
745 513 882 569 Itaque
910 515 949 556 id
969 515 1154 571 intellego
1174 517 1276 571 quod
1299 517 1513 572 significari
1532 532 1622 560 uer-

182 588 232 629 bo
261 588 338 629 isto
368 586 492 637 solet,
538 583 770 640 praesertim
800 597 886 623 cum
913 583 960 624 ab
984 583 1140 624 bomine
1170 584 1410 639 diligentiam
1440 586 1620 641 professo

182 662 349 712 ponatur
369 661 409 695 et
427 652 551 694 uerba
574 650 841 692 examinante.
902 650 1029 691 Adice
1059 665 1162 692 nuuc
1192 653 1293 706 quod
1307 684 1318 704 ‚
1354 652 1390 694 si
1409 652 1482 694 boc
1506 653 1621 694 iutel-

181 723 281 765 lexit
301 721 444 764 Zenon
463 727 504 762 et
521 733 593 760 nos
614 718 844 773 intellegere
867 718 1015 770 uoluit,
1047 719 1298 774 ambiguitate
1330 720 1439 761 uerbi
1465 721 1620 775 quaesi-

181 791 240 832 uit
258 791 386 832 locum
410 787 565 829 fraudiz
612 786 713 842 quod
736 786 956 827 faciendum
977 801 1057 827 non
1081 793 1169 838 est,
1214 787 1279 828 ubi
1299 787 1446 829 ueritas
1467 789 1620 843 quaeri-

180 866 259 900 tur.
323 855 405 899 Sed
424 869 522 898 sane
541 855 615 896 hoc
637 853 829 896 senserit:
863 854 964 909 quod
983 854 1160 908 sequitur
1180 854 1320 896 falsum
1339 862 1400 896 est
1418 855 1453 896 ei
1471 855 1536 910 qui
1556 869 1621 896 so·-

131 933 160 960 11
180 926 259 967 leat
277 925 410 967 ebrius
428 923 515 965 lieri
532 937 613 965 non
632 922 821 964 committi
841 935 1064 964 sermonem
1083 929 1293 963 secretum.
1356 920 1498 978 Cogita
1517 923 1620 965 enim

180 1007 294 1049 quam
313 992 445 1034 multis
461 991 647 1032 militibus
667 1004 747 1031 non
762 1003 918 1045 semper
937 990 1080 1031 sobriis
1097 996 1137 1031 et
1154 990 1366 1044 imperator
1383 997 1423 1031 et
1441 990 1620 1032 tribunus

179 1067 220 1103 et
251 1060 430 1102 centurio
458 1058 626 1100 tacenda
658 1057 947 1098 mandauerint.
1008 1056 1071 1098 De
1099 1057 1166 1098 illa
1194 1055 1244 1098 C.
1278 1054 1464 1098 Caesaris
1500 1057 1620 1098 caede

178 1128 303 1183 (illius
323 1127 409 1169 dico
429 1126 495 1182 qui
518 1131 703 1181 superato
727 1122 915 1179 Pompeio
933 1124 1211 1180 rempublicam
1229 1124 1375 1179 tenuit)
1396 1131 1471 1165 tam
1491 1125 1619 1166 credi-

178 1204 260 1238 tum
280 1203 343 1237 est
358 1194 493 1236 Tullio
506 1190 671 1234 Cimbro
687 1206 803 1246 quam
818 1189 868 1233 C.
903 1189 1071 1233 Cassio:
1105 1189 1269 1233 Cassius
1285 1199 1366 1233 tota
1380 1193 1463 1233 uita
1479 1206 1619 1248 aquam

178 1263 289 1307 bibit.
353 1261 508 1304 Tullius
531 1258 695 1302 Cimber
716 1266 756 1301 et
779 1259 922 1303 nimius
944 1266 1029 1301 erat
1054 1259 1096 1300 in
1123 1259 1215 1300 uiuo
1235 1266 1275 1300 et
1295 1260 1529 1301 scordalus.v
1549 1297 1554 1302 .
1571 1258 1619 1301 In

179 1331 279 1373 hanc
299 1344 385 1372 rem
410 1329 563 1370 locutus
595 1334 658 1368 est
679 1326 791 1383 ipset
835 1326 958 1383 Eyo,
998 1326 1149 1381 inquit,
1193 1341 1439 1383 quemquam
1471 1326 1620 1383 feram

130 1415 161 1443 η
179 1400 252 1455 qui
267 1399 411 1441 uinum
426 1396 555 1453 ferre
566 1408 660 1437 ‚non
673 1408 850 1450 possum
861 1395 883 1436 ?
938 1393 1027 1438 Sibi
1052 1394 1214 1449 quisque
1236 1409 1339 1436 nunc
1357 1395 1531 1437 nominet
1547 1409 1618 1438 eos

178 1466 317 1522 quibus
333 1465 412 1508 -scit
435 1471 475 1506 et
490 1463 623 1507 uinum
640 1463 744 1506 male
767 1463 875 1506 credi
894 1469 934 1504 et
951 1476 1173 1506 sermonem
1193 1462 1317 1505 bene:
1350 1467 1467 1505 unum
1487 1470 1617 1504 tamen

178 1533 401 1589 exemplum
425 1531 527 1588 quod
551 1530 723 1572 occurrit
747 1530 840 1571 mihi
860 1531 1030 1571 referam
1056 1544 1106 1571 ne
1127 1530 1358 1582 intercidat:
1388 1530 1615 1575 instruenda

178 1608 240 1644 est
265 1601 369 1643 enim
399 1600 480 1642 uita
502 1597 693 1654 exemplis
718 1597 964 1640 inlustribus.
998 1612 1076 1638 non
1100 1611 1256 1653 semper
1275 1598 1546 1653 confugiamus
1565 1598 1614 1639 ad

172 1750 222 1767 t=
232 1738 359 1771 Prima
382 1749 406 1772 a
416 1749 439 1770 u
448 1745 464 1770 t
474 1748 493 1768 e
501 1746 535 1767 m
555 1735 730 1777 interrog.
790 1733 820 1765 R
829 1747 875 1763 τε.

176 1783 422 1829 complectitur
464 1782 479 1814 i
489 1781 506 1813 l
513 1780 610 1813 lum.
691 1779 724 1811 G
751 1782 786 1817 ÷
813 1779 875 1824 qui

170 1842 198 1876 p
209 1841 228 1862 ο
238 1841 257 1862 e
267 1837 282 1862 t
294 1827 448 1874 futurus
479 1834 543 1859 est.
588 1836 619 1857 w
630 1839 678 1852 =
689 1824 750 1870 qui
761 1822 874 1868 futu-

176 1887 240 1908 rus
264 1878 292 1907 's
301 1876 316 1907 i
325 1882 351 1907 t.
421 1884 450 1907 w
461 1887 505 1903 τε
514 1872 688 1904 interesse
714 1869 744 1902 >d
754 1870 772 1902 ,ι’
782 1881 802 1902 c
812 1881 831 1901 e
841 1880 871 1902 s.

219 1919 322 1963 Arg.‘b
337 1923 373 1959 -i-
387 1931 407 1952 e
417 1927 433 1952 t
456 1919 552 1951 inter
575 1916 719 1949 ebrium.
788 1915 818 1946 R
833 1918 868 1953 ·{·

171 1974 289 2011 potest
313 1977 332 1998 e
342 1966 432 1998 nim
457 1972 491 1996 et
522 1962 584 2008 qui
598 1961 735 1993 ebrius.
784 1960 816 1992 G
826 1975 873 1989 =

175 2023 194 2044 s
203 2024 221 2044 e
231 2023 266 2044 m
273 2022 298 2057 p
309 2023 328 2043 e
337 2023 357 2043 r
381 2017 484 2043 extra
507 2008 713 2041 ebrietatem
736 2017 825 2039 esse.

220 2076 273 2111 10.
308 2078 337 2113 ’ὶί
359 2093 403 2108 =
425 2077 460 2110 si
487 2075 634 2117 nificari
664 2072 769 2107 verbo
803 2073 872 2106 isto

174 2136 196 2155 2¹
207 2134 226 2155 o
236 2123 252 2155 l
259 2134 289 2156 o.
370 2125 466 2166 rArg.
503 2122 538 2156 {R
548 2138 595 2147 ·--
604 2121 638 2155 23
650 2134 696 2147 =
704 2117 872 2164 professo

171 2180 196 2213 p
207 2180 227 2200 r
239 2176 431 2212 oponatur.
494 2166 529 2201 {R
538 2181 582 2194 =
594 2164 686 2209 quod
708 2176 727 2196 s
737 2164 778 2195 ic
807 2164 873 2195 hoc

174 2212 362 2245 intellexit.
389 2212 420 2243 G
432 2210 493 2255 (n.)
508 2211 566 2242 wR
577 2209 658 2242 Pan.
670 2224 716 2240 =
725 2208 871 2241 intelle-

172 2270 196 2290 x
207 2270 225 2290 e
238 2258 282 2290 ri
291 2265 318 2290 t.
397 2257 480 2289 Tres
520 2257 597 2298 Ops.
610 2269 655 2282 =
667 2253 872 2297 intelligere

163 2314 196 2336 ,π
207 2314 227 2335 o
236 2303 253 2336 l
262 2314 284 2334 u
296 2302 345 2334 it.
369 2300 491 2345 probat
503 2298 600 2332 Mod.
666 2299 728 2333 RQ
746 2302 781 2336 -l-
798 2297 869 2329 Sed

171 2348 215 2381 si
245 2358 345 2380 sane.
391 2346 483 2381 {R—
500 2346 598 2379 πε
617 2343 666 2375 Si
701 2343 747 2376 ei
780 2354 868 2375 sane

171 2394 247 2426 Ιιοσ.
293 2392 388 2429 ἘΕΙ.
400 2394 435 2428 2.
448 2394 484 2429 —l-
500 2389 572 2422 Sed
595 2399 683 2421 sane
702 2389 745 2421 si
767 2387 842 2420 hoc.

216 2461 287 2481 r=
297 2459 349 2481 ea
371 2447 433 2493 qui
459 2445 572 2479 soleat
601 2443 729 2478 ebrius.
779 2443 810 2476 G
821 2458 866 2474 τ·-

173 2495 229 2528 sol
236 2506 256 2527 e
266 2502 281 2527 t
303 2492 432 2526 ebrius.

218 2547 271 2582 11.
299 2548 371 2581 col.
381 2562 428 2577 =
437 2558 506 2580 non
529 2558 666 2591 semper
686 2545 767 2578 sobr
777 2547 792 2578 i
801 2557 824 2578 u
834 2557 863 2579 s.

214 2607 243 2627 w
255 2610 301 2623 ==
313 2593 472 2627 centurio
513 2591 717 2625 celanda
749 2602 798 2624 co
809 2603 865 2624 m-

168 2641 227 2673 mi
239 2642 364 2673 serint.

213 2696 410 2729 mandaver
421 2695 436 2728 i
446 2706 470 2727 n
480 2701 549 2727 t==
558 2704 636 2726 mss.
650 2692 733 2737 (exc.
745 2692 786 2735 w)
799 2692 864 2728 'ztffi

167 2743 269 2777 -Θ,
335 2742 436 2776 mt—
447 2739 758 2775 3=mandaver
769 2739 818 2771 it.

212 2797 400 2830 R=Gai
423 2796 603 2830 Caesaris.
635 2796 755 2828 r=C.
771 2796 864 2826 Cae-

168 2843 266 2876 sarie
291 2842 413 2877 sede.
482 2841 636 2886 P=qui
664 2838 750 2874 sub
784 2839 863 2872 im-

917 1745 942 1779 p
953 1745 971 1765 e
981 1745 1000 1765 r
1011 1744 1034 1765 a
1045 1741 1060 1765 t
1073 1743 1093 1764 ο
1104 1745 1122 1766 r
1133 1745 1152 1764 e
1173 1734 1340 1778 Pompeio
1361 1745 1471 1778 remp.
1507 1732 1565 1768 Pl.
1576 1731 1610 1767 3.

919 1796 963 1803 -
975 1777 1166 1823 publicam.
1246 1779 1271 1810 P
1290 1793 1335 1808 =
1355 1779 1527 1813 creditum
1559 1786 1613 1811 est

919 1823 933 1855 i
942 1823 958 1856 l
965 1824 981 1856 l
989 1825 1004 1855 i
1012 1835 1035 1855 n
1045 1835 1065 1855 c
1085 1821 1225 1856 Cimbro
1243 1832 1348 1868 qaam
1361 1824 1487 1856 Cassio
1499 1822 1612 1867 (ctiam

918 1868 1082 1903 Rffl--B
1094 1869 1198 1912 —C).
1245 1867 1329 1903 rP‘t.
1341 1884 1387 1897 =
1401 1870 1438 1900 T.
1461 1868 1610 1902 Cimbro.

917 1914 1011 1946 RGw
1034 1925 1123 1946 rece.
1145 1925 1184 1957 pp
1204 1915 1230 1946 Ρ
1242 1912 1272 1945 1.
1284 1913 1318 1946 3.
1330 1911 1363 1946 4.
1406 1915 1465 1949 1&
1482 1918 1554 1952 1.2.
1565 1929 1611 1942 =

917 1961 933 1992 i
943 1960 959 1992 l
966 1960 982 1992 l
988 1960 1004 1992 ι’
1030 1959 1169 1993 Cimbro
1180 1958 1376 2002 (Cymbro).
1400 1959 1445 1991 sR
1455 1960 1522 1991 mG
1537 1958 1609 1991 rell.

917 2016 955 2047 pp
977 2005 1019 2036 sP
1030 2003 1063 2038 3.
1091 2004 1162 2037 Col.
1186 2015 1237 2038 ex.
1259 2004 1423 2036 Francisc.
1445 2004 1544 2039 235&
1564 2019 1612 2034 τι

920 2051 979 2081 Τιι
990 2049 1006 2082 l
1014 2049 1031 2082 l
1038 2050 1052 2081 i
1061 2061 1081 2082 o
1102 2049 1241 2082 Cimbro
1261 2049 1456 2092 (Cymbro).
1478 2055 1511 2081 et
1533 2060 1611 2082 mox

918 2106 1030 2128 omnes
1053 2094 1153 2126 etiam
1175 2095 1233 2126 Gr.
1245 2109 1290 2122 =
1303 2095 1495 2127 Tullius
1512 2095 1610 2126 Cim-

917 2140 987 2172 ber.
1037 2140 1139 2174 ‘DZ—-
1151 2140 1186 2174 Ξ
1204 2154 1250 2168 =
1270 2139 1426 2172 Tillio
1455 2137 1608 2179 Cimbro,

916 2184 1002 2216 sicut
1020 2183 1120 2215 etiam
1140 2183 1240 2218 infra.
1312 2183 1368 2217 GP
1381 2182 1410 2215 1.
1423 2182 1456 2216 3.
1473 2183 1560 2227 (sm)
1572 2184 1607 2218 {R

916 2247 960 2254 —
982 2229 1015 2262 Β
1034 2243 1080 2258 ==
1098 2236 1134 2261 et
1166 2228 1373 2264 sorduha,
1419 2226 1487 2261 1³4.
1509 2243 1556 2259 =
1573 2237 1608 2261 et

917 2273 1162 2306 sordidus.
1199 2273 1245 2305 ef.
1266 2273 1328 2316 Ep.
1352 2270 1407 2313 56,
1428 2272 1462 2306 2.
1492 2274 1605 2308 Nonn-

914 2320 1121 2362 pp=Hac
1143 2318 1184 2350 in
1206 2330 1257 2350 re
1279 2318 1427 2352 locutus.

958 2375 1147 2407 locutus
1182 2382 1236 2407 est
1253 2389 1299 2402 =
1321 2386 1398 2407 mss.
1424 2373 1523 2407 etiam
1545 2375 1604 2410 Gr.

911 2420 1088 2455 'ltin—Q.
1144 2420 1530 2455 ὓῙί-Θτ-ἱοσαιιιε
1550 2418 1626 2453 αι’

909 2476 958 2542 ἢ
970 2464 1036 2510 ing.
1048 2465 1140 2516 ‘Mun
1176 2465 1221 2498 sR
1236 2469 1272 2504 -l-
1288 2466 1303 2498 i
1311 2473 1326 2498 t
1336 2477 1360 2498 a
1382 2465 1518 2498 locutus
1539 2473 1602 2498 ese.

959 2534 967 2541 .
979 2528 1026 2535 —
1039 2522 1142 2556 zpee.v

956 2564 1008 2600 12.
1033 2565 1136 2609 Arg.b
1147 2584 1191 2590 —
1202 2576 1295 2600 nunc
1314 2571 1392 2600 aute
1413 2566 1579 2598 nominet.

957 2611 1013 2644 GP
1025 2610 1055 2643 1.
1067 2611 1100 2644 3.
1121 2610 1191 2644 Col.
1205 2626 1250 2639 =
1268 2612 1384 2644 Unum
1414 2619 1463 2644 ta
1475 2621 1497 2642 n
1509 2619 1556 2643 tu
1568 2622 1601 2643 m

910 2657 1113 2702 exemplum.
1161 2657 1386 2691 ’lt—tamen.
1432 2666 1462 2687 w
1475 2670 1521 2684 =
1539 2656 1600 2688 in—

909 2702 1107 2736 tercedat.
1154 2701 1185 2733 G
1205 2716 1251 2729 =
1269 2700 1512 2733 intendat.

955 2747 1070 2790 Steph.
1098 2745 1162 2791 (ad
1191 2745 1266 2778 Dal.
1296 2746 1358 2790 Ep.
1376 2743 1454 2788 30.)
1490 2745 1530 2778 ci.
1553 2760 1599 2774 =

910 2793 1079 2839 exemplis
1101 2790 1399 2829 recentibus,
1430 2801 1483 2823 ne
1504 2802 1598 2824 sem-

905 2850 983 2884 per.
1017 2849 1035 2871 r
1046 2835 1106 2870 P2.
1114 2850 1160 2865 =
1169 2833 1300 2881 confug
1308 2836 1324 2869 i
1333 2847 1355 2868 a
1364 2847 1410 2869 m.
