<?xml version="1.0" encoding="UTF-8"?>
<!DOCTYPE html PUBLIC "-//W3C//DTD XHTML 1.0 Transitional//EN"
    "http://www.w3.org/TR/xhtml1/DTD/xhtml1-transitional.dtd">
<html xmlns="http://www.w3.org/1999/xhtml" xml:lang="en" lang="en">
 <head>
  <title>
</title>
<meta http-equiv="Content-Type" content="text/html;charset=utf-8" />
  <meta name='ocr-system' content='tesseract 3.04.00' />
  <meta name='ocr-capabilities' content='ocr_page ocr_carea ocr_par ocr_line ocrx_word'/>
</head>
<body>
  <div class='ocr_page' id='page_1' title='image "./operasene01seneuoft_0656.png"; bbox 0 0 1742 3094; ppageno 0'>
   <div class='ocr_carea' id='block_1_1' title="bbox 182 169 1172 212">
    <p class='ocr_par' dir='ltr' id='par_1_1' title="bbox 182 169 1172 212">
     <span class='ocr_line' id='line_1_1' title="bbox 182 169 1172 212; baseline -0.001 0"><span class='ocrx_word' id='word_1_1' title='bbox 182 169 267 212; x_wconf 84' lang='lat'><strong>616</strong></span> <span class='ocrx_word' id='word_1_2' title='bbox 640 171 683 212; x_wconf 85' lang='lat' dir='ltr'><strong>L.</strong></span> <span class='ocrx_word' id='word_1_3' title='bbox 714 170 911 212; x_wconf 87' lang='lat' dir='ltr'>ANNAEI</span> <span class='ocrx_word' id='word_1_4' title='bbox 941 170 1172 212; x_wconf 85' lang='lat' dir='ltr'>SENECAE</span> 
     </span>
    </p>
   </div>
   <div class='ocr_carea' id='block_1_2' title="bbox 131 280 1624 1827">
    <p class='ocr_par' dir='ltr' id='par_1_2' title="bbox 181 280 1621 543">
     <span class='ocr_line' id='line_1_2' title="bbox 181 280 1616 339; baseline 0.003 -17"><span class='ocrx_word' id='word_1_5' title='bbox 181 280 254 323; x_wconf 88' lang='lat' dir='ltr'><strong>Ille</strong></span> <span class='ocrx_word' id='word_1_6' title='bbox 274 281 338 337; x_wconf 89' lang='lat' dir='ltr'><strong>qui</strong></span> <span class='ocrx_word' id='word_1_7' title='bbox 361 282 408 323; x_wconf 92' lang='lat' dir='ltr'><strong>ad</strong></span> <span class='ocrx_word' id='word_1_8' title='bbox 429 281 708 338; x_wconf 85' lang='lat' dir='ltr'>philosophiam</span> <span class='ocrx_word' id='word_1_9' title='bbox 739 290 891 339; x_wconf 86' lang='lat' dir='ltr'><strong>spectat</strong></span> <span class='ocrx_word' id='word_1_10' title='bbox 916 283 1012 325; x_wconf 89' lang='lat' dir='ltr'><strong>haec</strong></span> <span class='ocrx_word' id='word_1_11' title='bbox 1043 284 1178 326; x_wconf 89' lang='lat' dir='ltr'><strong>eadem</strong></span> <span class='ocrx_word' id='word_1_12' title='bbox 1200 298 1276 339; x_wconf 85' lang='lat' dir='ltr'><strong>quo</strong></span> <span class='ocrx_word' id='word_1_13' title='bbox 1300 284 1417 326; x_wconf 88' lang='lat' dir='ltr'><strong>debet</strong></span> <span class='ocrx_word' id='word_1_14' title='bbox 1447 283 1616 327; x_wconf 77' lang='lat' dir='ltr'><strong>adducit.</strong></span> 
     </span>
     <span class='ocr_line' id='line_1_3' title="bbox 184 348 1620 409; baseline 0.002 -18"><span class='ocrx_word' id='word_1_15' title='bbox 184 348 408 405; x_wconf 83' lang='lat' dir='ltr'>Numquam</span> <span class='ocrx_word' id='word_1_16' title='bbox 428 348 644 406; x_wconf 86' lang='lat' dir='ltr'><strong>Uergilius,</strong></span> <span class='ocrx_word' id='word_1_17' title='bbox 675 350 815 406; x_wconf 85' lang='lat' dir='ltr'><strong>inquit,</strong></span> <span class='ocrx_word' id='word_1_18' title='bbox 848 351 940 394; x_wconf 82' lang='lat' dir='ltr'><strong>dics</strong></span> <span class='ocrx_word' id='word_1_19' title='bbox 956 351 1050 393; x_wconf 89' lang='lat' dir='ltr'><strong>dicit</strong></span> <span class='ocrx_word' id='word_1_20' title='bbox 1069 353 1168 405; x_wconf 81' lang='lat' dir='ltr'><strong>ire,</strong></span> <span class='ocrx_word' id='word_1_21' title='bbox 1200 353 1269 395; x_wconf 92' lang='lat' dir='ltr'><strong>sed</strong></span> <span class='ocrx_word' id='word_1_22' title='bbox 1294 351 1395 409; x_wconf 64' lang='lat' dir='ltr'><strong>fug]</strong></span> <span class='ocrx_word' id='word_1_23' title='bbox 1405 366 1496 395; x_wconf 83' lang='lat' dir='ltr'><strong>ere</strong></span> <span class='ocrx_word' id='word_1_24' title='bbox 1517 353 1620 408; x_wconf 87' lang='lat' dir='ltr'><strong>quod</strong></span> 
     </span>
     <span class='ocr_line' id='line_1_4' title="bbox 184 418 1621 476; baseline 0.003 -18"><span class='ocrx_word' id='word_1_25' title='bbox 184 418 368 459; x_wconf 87' lang='lat' dir='ltr'><strong>currendi</strong></span> <span class='ocrx_word' id='word_1_26' title='bbox 386 432 511 473; x_wconf 83' lang='lat' dir='ltr'><strong>genus</strong></span> <span class='ocrx_word' id='word_1_27' title='bbox 531 418 876 460; x_wconf 80' lang='lat' dir='ltr'><strong>concitatissimum</strong></span> <span class='ocrx_word' id='word_1_28' title='bbox 897 426 960 461; x_wconf 90' lang='lat' dir='ltr'><strong>est</strong></span> <span class='ocrx_word' id='word_1_29' title='bbox 979 425 1020 461; x_wconf 83' lang='lat' dir='ltr'><strong>et</strong></span> <span class='ocrx_word' id='word_1_30' title='bbox 1041 421 1225 475; x_wconf 79' lang='lat' dir='ltr'><strong>optimos</strong></span> <span class='ocrx_word' id='word_1_31' title='bbox 1250 434 1436 476; x_wconf 80' lang='lat' dir='ltr'><strong>quosque</strong></span> <span class='ocrx_word' id='word_1_32' title='bbox 1451 422 1621 475; x_wconf 73' lang='lat' dir='ltr'><strong>primos</strong></span> 
     </span>
     <span class='ocr_line' id='line_1_5' title="bbox 183 485 1620 543; baseline 0.003 -18"><span class='ocrx_word' id='word_1_33' title='bbox 183 486 313 539; x_wconf 76' lang='lat' dir='ltr'><strong>rapi:</strong></span> <span class='ocrx_word' id='word_1_34' title='bbox 343 485 432 541; x_wconf 89' lang='lat' dir='ltr'><strong>quid</strong></span> <span class='ocrx_word' id='word_1_35' title='bbox 453 499 548 541; x_wconf 89' lang='lat' dir='ltr'><strong>ergo</strong></span> <span class='ocrx_word' id='word_1_36' title='bbox 572 500 773 528; x_wconf 85' lang='lat' dir='ltr'>cessamus</span> <span class='ocrx_word' id='word_1_37' title='bbox 792 502 863 529; x_wconf 92' lang='lat' dir='ltr'><strong>nos</strong></span> <span class='ocrx_word' id='word_1_38' title='bbox 885 487 960 543; x_wconf 90' lang='lat' dir='ltr'><strong>ipsi</strong></span> <span class='ocrx_word' id='word_1_39' title='bbox 980 488 1194 541; x_wconf 76' lang='lat' dir='ltr'><strong>concitare,</strong></span> <span class='ocrx_word' id='word_1_40' title='bbox 1223 495 1266 530; x_wconf 88' lang='lat' dir='ltr'><strong>ut</strong></span> <span class='ocrx_word' id='word_1_41' title='bbox 1287 489 1533 530; x_wconf 83' lang='lat' dir='ltr'><strong>uelocitatem</strong></span> <span class='ocrx_word' id='word_1_42' title='bbox 1557 502 1620 530; x_wconf 86' lang='lat' dir='ltr'><strong>ra-</strong></span> 
     </span>
    </p>

    <p class='ocr_par' dir='ltr' id='par_1_3' title="bbox 136 552 1622 949">
     <span class='ocr_line' id='line_1_6' title="bbox 136 552 1620 612; baseline 0.003 -20"><span class='ocrx_word' id='word_1_43' title='bbox 136 563 171 591; x_wconf 75' lang='lat'><strong>96</strong></span> <span class='ocrx_word' id='word_1_44' title='bbox 187 552 412 607; x_wconf 88' lang='lat' dir='ltr'><strong>pidissimae</strong></span> <span class='ocrx_word' id='word_1_45' title='bbox 428 553 488 595; x_wconf 90' lang='lat' dir='ltr'><strong>rei</strong></span> <span class='ocrx_word' id='word_1_46' title='bbox 506 554 701 610; x_wconf 91' lang='lat' dir='ltr'><strong>possimus</strong></span> <span class='ocrx_word' id='word_1_47' title='bbox 720 556 916 609; x_wconf 84' lang='lat' dir='ltr'><strong>aequare?</strong></span> <span class='ocrx_word' id='word_1_48' title='bbox 971 553 1143 597; x_wconf 80' lang='lat' dir='ltr'>Meliora</span> <span class='ocrx_word' id='word_1_49' title='bbox 1165 557 1455 612; x_wconf 87' lang='lat' dir='ltr'><strong>praeteruolant</strong></span> <span class='ocrx_word' id='word_1_50' title='bbox 1467 587 1479 607; x_wconf 89' lang='lat'>‚</span> <span class='ocrx_word' id='word_1_51' title='bbox 1513 556 1620 597; x_wconf 86' lang='lat' dir='ltr'><strong>dete-</strong></span> 
     </span>
     <span class='ocr_line' id='line_1_7' title="bbox 183 619 1620 679; baseline 0.002 -18"><span class='ocrx_word' id='word_1_52' title='bbox 183 620 292 662; x_wconf 88' lang='lat' dir='ltr'><strong>riora</strong></span> <span class='ocrx_word' id='word_1_53' title='bbox 313 622 541 663; x_wconf 90' lang='lat' dir='ltr'><strong>succedunt.</strong></span> <span class='ocrx_word' id='word_1_54' title='bbox 603 619 936 675; x_wconf 84' lang='lat' dir='ltr'><strong>Quemadmodum</strong></span> <span class='ocrx_word' id='word_1_55' title='bbox 960 635 1012 664; x_wconf 84' lang='lat' dir='ltr'><strong>ex</strong></span> <span class='ocrx_word' id='word_1_56' title='bbox 1038 623 1225 679; x_wconf 80' lang='lat' dir='ltr'><strong>amphora</strong></span> <span class='ocrx_word' id='word_1_57' title='bbox 1245 624 1410 679; x_wconf 90' lang='lat' dir='ltr'><strong>primum</strong></span> <span class='ocrx_word' id='word_1_58' title='bbox 1434 623 1536 678; x_wconf 90' lang='lat' dir='ltr'><strong>quod</strong></span> <span class='ocrx_word' id='word_1_59' title='bbox 1560 630 1620 664; x_wconf 90' lang='lat' dir='ltr'><strong>est</strong></span> 
     </span>
     <span class='ocr_line' id='line_1_8' title="bbox 183 688 1620 746; baseline 0.002 -17"><span class='ocrx_word' id='word_1_60' title='bbox 183 688 491 736; x_wconf 86' lang='lat' dir='ltr'><strong>sincerissimum</strong></span> <span class='ocrx_word' id='word_1_61' title='bbox 515 689 658 741; x_wconf 80' lang='lat' dir='ltr'><strong>effluit,</strong></span> <span class='ocrx_word' id='word_1_62' title='bbox 700 689 974 744; x_wconf 83' lang='lat' dir='ltr'><strong>grauissimum</strong></span> <span class='ocrx_word' id='word_1_63' title='bbox 998 691 1178 745; x_wconf 88' lang='lat' dir='ltr'><strong>quodque</strong></span> <span class='ocrx_word' id='word_1_64' title='bbox 1198 691 1469 746; x_wconf 87' lang='lat' dir='ltr'><strong>turbidumque</strong></span> <span class='ocrx_word' id='word_1_65' title='bbox 1492 690 1620 732; x_wconf 85' lang='lat' dir='ltr'><strong>subsi-</strong></span> 
     </span>
     <span class='ocr_line' id='line_1_9' title="bbox 183 749 1620 814; baseline 0.002 -18"><span class='ocrx_word' id='word_1_66' title='bbox 183 755 262 807; x_wconf 85' lang='lat' dir='ltr'><strong>dit,</strong></span> <span class='ocrx_word' id='word_1_67' title='bbox 308 756 427 797; x_wconf 90' lang='lat' dir='ltr'><strong>sicin</strong></span> <span class='ocrx_word' id='word_1_68' title='bbox 453 763 581 798; x_wconf 79' lang='lat' dir='ltr'><strong>aetate</strong></span> <span class='ocrx_word' id='word_1_69' title='bbox 612 764 749 798; x_wconf 87' lang='lat' dir='ltr'><strong>nostra</strong></span> <span class='ocrx_word' id='word_1_70' title='bbox 783 758 885 812; x_wconf 91' lang='lat' dir='ltr'><strong>quod</strong></span> <span class='ocrx_word' id='word_1_71' title='bbox 920 764 981 799; x_wconf 89' lang='lat' dir='ltr'><strong>est</strong></span> <span class='ocrx_word' id='word_1_72' title='bbox 1012 749 1261 813; x_wconf 40' lang='lat' dir='ltr'><strong>optimum&#39;in</strong></span> <span class='ocrx_word' id='word_1_73' title='bbox 1284 758 1408 814; x_wconf 89' lang='lat' dir='ltr'><strong>primo</strong></span> <span class='ocrx_word' id='word_1_74' title='bbox 1440 764 1515 799; x_wconf 91' lang='lat' dir='ltr'><strong>est.</strong></span> <span class='ocrx_word' id='word_1_75' title='bbox 1575 757 1620 799; x_wconf 90' lang='lat' dir='ltr'><strong>Id</strong></span> 
     </span>
     <span class='ocr_line' id='line_1_10' title="bbox 184 823 1622 881; baseline 0.003 -18"><span class='ocrx_word' id='word_1_76' title='bbox 184 823 386 864; x_wconf 80' lang='lat' dir='ltr'>exhauriri</span> <span class='ocrx_word' id='word_1_77' title='bbox 416 823 454 865; x_wconf 88' lang='lat' dir='ltr'><strong>in</strong></span> <span class='ocrx_word' id='word_1_78' title='bbox 485 824 573 866; x_wconf 88' lang='lat' dir='ltr'><strong>aliis</strong></span> <span class='ocrx_word' id='word_1_79' title='bbox 602 825 732 881; x_wconf 86' lang='lat' dir='ltr'><strong>potius</strong></span> <span class='ocrx_word' id='word_1_80' title='bbox 759 826 943 881; x_wconf 84' lang='lat' dir='ltr'><strong>patimur,</strong></span> <span class='ocrx_word' id='word_1_81' title='bbox 976 832 1019 866; x_wconf 87' lang='lat' dir='ltr'><strong>ut</strong></span> <span class='ocrx_word' id='word_1_82' title='bbox 1042 825 1154 867; x_wconf 85' lang='lat' dir='ltr'><strong>uobis</strong></span> <span class='ocrx_word' id='word_1_83' title='bbox 1183 826 1332 867; x_wconf 83' lang='lat' dir='ltr'><strong>faecem</strong></span> <span class='ocrx_word' id='word_1_84' title='bbox 1352 839 1622 878; x_wconf 82' lang='lat' dir='ltr'><strong>reseruemus.</strong></span> 
     </span>
     <span class='ocr_line' id='line_1_11' title="bbox 181 888 1506 949; baseline 0.004 -19"><span class='ocrx_word' id='word_1_85' title='bbox 181 888 392 934; x_wconf 80' lang='lat' dir='ltr'>Inhaereat</span> <span class='ocrx_word' id='word_1_86' title='bbox 409 891 513 933; x_wconf 91' lang='lat' dir='ltr'><strong>istud</strong></span> <span class='ocrx_word' id='word_1_87' title='bbox 533 892 663 933; x_wconf 89' lang='lat' dir='ltr'><strong>animo</strong></span> <span class='ocrx_word' id='word_1_88' title='bbox 684 899 724 934; x_wconf 87' lang='lat' dir='ltr'><strong>et</strong></span> <span class='ocrx_word' id='word_1_89' title='bbox 742 899 938 948; x_wconf 83' lang='lat' dir='ltr'><strong>tamquam</strong></span> <span class='ocrx_word' id='word_1_90' title='bbox 959 893 1122 935; x_wconf 91' lang='lat' dir='ltr'><strong>missum</strong></span> <span class='ocrx_word' id='word_1_91' title='bbox 1151 893 1309 945; x_wconf 86' lang='lat' dir='ltr'><strong>oraculo</strong></span> <span class='ocrx_word' id='word_1_92' title='bbox 1332 894 1506 949; x_wconf 81' lang='lat' dir='ltr'><strong>placeat:</strong></span> 
     </span>
    </p>

    <p class='ocr_par' dir='ltr' id='par_1_4' title="bbox 299 958 1478 1084">
     <span class='ocr_line' id='line_1_12' title="bbox 301 958 1478 1016; baseline 0.003 -15"><span class='ocrx_word' id='word_1_93' title='bbox 301 958 528 1014; x_wconf 80' lang='lat' dir='ltr'><strong>Optima</strong></span> <span class='ocrx_word' id='word_1_94' title='bbox 557 974 749 1016; x_wconf 78' lang='lat' dir='ltr'><strong>quaeque</strong></span> <span class='ocrx_word' id='word_1_95' title='bbox 777 961 872 1004; x_wconf 79' lang='lat' dir='ltr'><strong>dies</strong></span> <span class='ocrx_word' id='word_1_96' title='bbox 899 962 1069 1004; x_wconf 58' lang='lat' dir='ltr'><strong>miscuis</strong></span> <span class='ocrx_word' id='word_1_97' title='bbox 1096 961 1350 1004; x_wconf 78' lang='lat' dir='ltr'><strong>mortalibus</strong></span> <span class='ocrx_word' id='word_1_98' title='bbox 1378 962 1478 1004; x_wconf 72' lang='lat' dir='ltr'><strong>aetii</strong></span> 
     </span>
     <span class='ocr_line' id='line_1_13' title="bbox 299 1027 640 1084; baseline 0.003 -15"><span class='ocrx_word' id='word_1_99' title='bbox 299 1027 487 1070; x_wconf 77' lang='lat' dir='ltr'><strong>Prima</strong></span> <span class='ocrx_word' id='word_1_100' title='bbox 512 1027 640 1084; x_wconf 64' lang='lat' dir='ltr'><strong>liegii.</strong></span> 
     </span>
    </p>

    <p class='ocr_par' dir='ltr' id='par_1_5' title="bbox 131 1092 1624 1625">
     <span class='ocr_line' id='line_1_14' title="bbox 131 1092 1623 1152; baseline 0.003 -18"><span class='ocrx_word' id='word_1_101' title='bbox 131 1105 167 1133; x_wconf 68' lang='grc' dir='ltr'><strong>’.η</strong></span> <span class='ocrx_word' id='word_1_102' title='bbox 186 1092 321 1149; x_wconf 82' lang='lat' dir='ltr'><strong>Quare</strong></span> <span class='ocrx_word' id='word_1_103' title='bbox 341 1096 537 1150; x_wconf 75' lang='lat' dir='ltr'><strong>optima?</strong></span> <span class='ocrx_word' id='word_1_104' title='bbox 565 1097 655 1151; x_wconf 87' lang='lat' dir='ltr'><strong>quia</strong></span> <span class='ocrx_word' id='word_1_105' title='bbox 672 1096 774 1151; x_wconf 89' lang='lat' dir='ltr'><strong>quod</strong></span> <span class='ocrx_word' id='word_1_106' title='bbox 789 1103 914 1138; x_wconf 82' lang='lat' dir='ltr'><strong>restat</strong></span> <span class='ocrx_word' id='word_1_107' title='bbox 926 1096 1119 1138; x_wconf 88' lang='lat' dir='ltr'><strong>incertum</strong></span> <span class='ocrx_word' id='word_1_108' title='bbox 1137 1103 1212 1138; x_wconf 85' lang='lat' dir='ltr'><strong>est.</strong></span> <span class='ocrx_word' id='word_1_109' title='bbox 1274 1095 1408 1151; x_wconf 83' lang='lat' dir='ltr'><strong>Quare</strong></span> <span class='ocrx_word' id='word_1_110' title='bbox 1428 1098 1623 1152; x_wconf 76' lang='lat' dir='ltr'><strong>optima?</strong></span> 
     </span>
     <span class='ocr_line' id='line_1_15' title="bbox 182 1162 1623 1220; baseline 0.002 -17"><span class='ocrx_word' id='word_1_111' title='bbox 182 1162 275 1217; x_wconf 85' lang='lat' dir='ltr'><strong>quia</strong></span> <span class='ocrx_word' id='word_1_112' title='bbox 304 1163 469 1205; x_wconf 87' lang='lat' dir='ltr'><strong>iuuenes</strong></span> <span class='ocrx_word' id='word_1_113' title='bbox 498 1178 706 1220; x_wconf 88' lang='lat' dir='ltr'><strong>possumus</strong></span> <span class='ocrx_word' id='word_1_114' title='bbox 736 1163 914 1217; x_wconf 87' lang='lat' dir='ltr'><strong>discere,</strong></span> <span class='ocrx_word' id='word_1_115' title='bbox 960 1178 1167 1220; x_wconf 89' lang='lat' dir='ltr'><strong>possumus</strong></span> <span class='ocrx_word' id='word_1_116' title='bbox 1199 1164 1356 1206; x_wconf 81' lang='lat' dir='ltr'><strong>facilem</strong></span> <span class='ocrx_word' id='word_1_117' title='bbox 1385 1165 1556 1206; x_wconf 87' lang='lat' dir='ltr'><strong>animum</strong></span> <span class='ocrx_word' id='word_1_118' title='bbox 1582 1172 1623 1206; x_wconf 85' lang='lat' dir='ltr'><strong>et</strong></span> 
     </span>
     <span class='ocr_line' id='line_1_16' title="bbox 184 1230 1622 1288; baseline 0.001 -17"><span class='ocrx_word' id='word_1_119' title='bbox 184 1230 309 1272; x_wconf 88' lang='lat' dir='ltr'><strong>adhuc</strong></span> <span class='ocrx_word' id='word_1_120' title='bbox 349 1231 593 1272; x_wconf 82' lang='lat' dir='ltr'><strong>tractabilem</strong></span> <span class='ocrx_word' id='word_1_121' title='bbox 632 1232 681 1273; x_wconf 88' lang='lat' dir='ltr'><strong>ad</strong></span> <span class='ocrx_word' id='word_1_122' title='bbox 716 1231 880 1273; x_wconf 86' lang='lat' dir='ltr'><strong>meliora</strong></span> <span class='ocrx_word' id='word_1_123' title='bbox 922 1238 1172 1273; x_wconf 86' lang='lat' dir='ltr'><strong>conuertere.</strong></span> <span class='ocrx_word' id='word_1_124' title='bbox 1233 1232 1324 1287; x_wconf 87' lang='lat' dir='ltr'><strong>quia</strong></span> <span class='ocrx_word' id='word_1_125' title='bbox 1358 1232 1431 1273; x_wconf 91' lang='lat' dir='ltr'><strong>hoc</strong></span> <span class='ocrx_word' id='word_1_126' title='bbox 1469 1239 1622 1288; x_wconf 87' lang='lat' dir='ltr'><strong>tempus</strong></span> 
     </span>
     <span class='ocr_line' id='line_1_17' title="bbox 182 1298 1624 1354; baseline 0.002 -16"><span class='ocrx_word' id='word_1_127' title='bbox 182 1298 365 1339; x_wconf 90' lang='lat' dir='ltr'><strong>idoneum</strong></span> <span class='ocrx_word' id='word_1_128' title='bbox 389 1306 451 1341; x_wconf 87' lang='lat' dir='ltr'><strong>est</strong></span> <span class='ocrx_word' id='word_1_129' title='bbox 475 1298 672 1340; x_wconf 85' lang='lat' dir='ltr'><strong>laboribus</strong></span> <span class='ocrx_word' id='word_1_130' title='bbox 687 1330 699 1351; x_wconf 92' lang='lat'>,</span> <span class='ocrx_word' id='word_1_131' title='bbox 738 1299 921 1340; x_wconf 91' lang='lat' dir='ltr'><strong>idoneum</strong></span> <span class='ocrx_word' id='word_1_132' title='bbox 942 1299 1134 1354; x_wconf 81' lang='lat' dir='ltr'><strong>agitandis</strong></span> <span class='ocrx_word' id='word_1_133' title='bbox 1153 1312 1224 1354; x_wconf 87' lang='lat' dir='ltr'><strong>per</strong></span> <span class='ocrx_word' id='word_1_134' title='bbox 1241 1299 1370 1341; x_wconf 88' lang='lat' dir='ltr'><strong>studia</strong></span> <span class='ocrx_word' id='word_1_135' title='bbox 1391 1299 1560 1354; x_wconf 89' lang='lat' dir='ltr'><strong>ingeniis</strong></span> <span class='ocrx_word' id='word_1_136' title='bbox 1584 1306 1624 1341; x_wconf 87' lang='lat' dir='ltr'><strong>et</strong></span> 
     </span>
     <span class='ocr_line' id='line_1_18' title="bbox 184 1365 1623 1423; baseline 0.001 -16"><span class='ocrx_word' id='word_1_137' title='bbox 184 1366 419 1408; x_wconf 82' lang='lat' dir='ltr'><strong>exercendis</strong></span> <span class='ocrx_word' id='word_1_138' title='bbox 458 1380 530 1422; x_wconf 87' lang='lat' dir='ltr'><strong>per</strong></span> <span class='ocrx_word' id='word_1_139' title='bbox 557 1380 677 1422; x_wconf 87' lang='lat' dir='ltr'><strong>opera</strong></span> <span class='ocrx_word' id='word_1_140' title='bbox 715 1366 958 1423; x_wconf 87' lang='lat' dir='ltr'><strong>corporibus.</strong></span> <span class='ocrx_word' id='word_1_141' title='bbox 1021 1365 1137 1422; x_wconf 92' lang='lat' dir='ltr'><strong>Quod</strong></span> <span class='ocrx_word' id='word_1_142' title='bbox 1175 1373 1357 1422; x_wconf 80' lang='lat' dir='ltr'><strong>superest</strong></span> <span class='ocrx_word' id='word_1_143' title='bbox 1397 1367 1557 1422; x_wconf 88' lang='lat' dir='ltr'><strong>segnius</strong></span> <span class='ocrx_word' id='word_1_144' title='bbox 1581 1374 1623 1409; x_wconf 85' lang='lat' dir='ltr'><strong>et</strong></span> 
     </span>
     <span class='ocr_line' id='line_1_19' title="bbox 184 1432 1622 1491; baseline 0.001 -17"><span class='ocrx_word' id='word_1_145' title='bbox 184 1433 404 1489; x_wconf 87' lang='lat' dir='ltr'><strong>languidius</strong></span> <span class='ocrx_word' id='word_1_146' title='bbox 425 1441 487 1475; x_wconf 89' lang='lat' dir='ltr'><strong>est</strong></span> <span class='ocrx_word' id='word_1_147' title='bbox 506 1441 547 1475; x_wconf 87' lang='grc' dir='ltr'><strong>ει</strong></span> <span class='ocrx_word' id='word_1_148' title='bbox 569 1434 727 1491; x_wconf 89' lang='lat' dir='ltr'><strong>propius</strong></span> <span class='ocrx_word' id='word_1_149' title='bbox 748 1448 772 1476; x_wconf 82' lang='lat' dir='ltr'><strong>a</strong></span> <span class='ocrx_word' id='word_1_150' title='bbox 793 1435 885 1476; x_wconf 87' lang='lat' dir='ltr'><strong>fine.</strong></span> <span class='ocrx_word' id='word_1_151' title='bbox 946 1432 1084 1489; x_wconf 87' lang='lat' dir='ltr'><strong>Itaque</strong></span> <span class='ocrx_word' id='word_1_152' title='bbox 1106 1440 1188 1476; x_wconf 88' lang='lat' dir='ltr'><strong>toto</strong></span> <span class='ocrx_word' id='word_1_153' title='bbox 1211 1434 1285 1475; x_wconf 89' lang='lat' dir='ltr'><strong>hoc</strong></span> <span class='ocrx_word' id='word_1_154' title='bbox 1307 1448 1468 1490; x_wconf 84' lang='lat' dir='ltr'><strong>agamus</strong></span> <span class='ocrx_word' id='word_1_155' title='bbox 1490 1434 1622 1476; x_wconf 90' lang='lat' dir='ltr'><strong>animo</strong></span> 
     </span>
     <span class='ocr_line' id='line_1_20' title="bbox 183 1501 1622 1557; baseline 0.001 -16"><span class='ocrx_word' id='word_1_156' title='bbox 183 1508 223 1541; x_wconf 89' lang='lat' dir='ltr'><strong>et</strong></span> <span class='ocrx_word' id='word_1_157' title='bbox 241 1501 398 1543; x_wconf 89' lang='lat' dir='ltr'><strong>omissis</strong></span> <span class='ocrx_word' id='word_1_158' title='bbox 422 1502 470 1543; x_wconf 92' lang='lat' dir='ltr'><strong>ad</strong></span> <span class='ocrx_word' id='word_1_159' title='bbox 496 1516 596 1557; x_wconf 83' lang='lat' dir='ltr'><strong>quae</strong></span> <span class='ocrx_word' id='word_1_160' title='bbox 616 1502 858 1544; x_wconf 88' lang='lat' dir='ltr'><strong>deuertimur</strong></span> <span class='ocrx_word' id='word_1_161' title='bbox 876 1502 917 1543; x_wconf 92' lang='lat' dir='ltr'><strong>in</strong></span> <span class='ocrx_word' id='word_1_162' title='bbox 933 1516 1018 1544; x_wconf 86' lang='lat' dir='ltr'><strong>rem</strong></span> <span class='ocrx_word' id='word_1_163' title='bbox 1039 1516 1157 1543; x_wconf 88' lang='lat' dir='ltr'><strong>unam</strong></span> <span class='ocrx_word' id='word_1_164' title='bbox 1173 1502 1418 1553; x_wconf 84' lang='lat' dir='ltr'><strong>laboremus,</strong></span> <span class='ocrx_word' id='word_1_165' title='bbox 1449 1515 1501 1543; x_wconf 89' lang='lat' dir='ltr'><strong>ne</strong></span> <span class='ocrx_word' id='word_1_166' title='bbox 1521 1502 1622 1543; x_wconf 89' lang='lat' dir='ltr'><strong>hanc</strong></span> 
     </span>
     <span class='ocr_line' id='line_1_21' title="bbox 184 1569 1623 1625; baseline 0.002 -17"><span class='ocrx_word' id='word_1_167' title='bbox 184 1569 369 1623; x_wconf 83' lang='lat' dir='ltr'><strong>temporis</strong></span> <span class='ocrx_word' id='word_1_168' title='bbox 398 1569 660 1624; x_wconf 87' lang='lat' dir='ltr'><strong>pernicissimi</strong></span> <span class='ocrx_word' id='word_1_169' title='bbox 689 1569 929 1611; x_wconf 79' lang='lat' dir='ltr'><strong>celeritatem</strong></span> <span class='ocrx_word' id='word_1_170' title='bbox 960 1583 1073 1625; x_wconf 89' lang='lat' dir='ltr'><strong>quam</strong></span> <span class='ocrx_word' id='word_1_171' title='bbox 1103 1569 1277 1610; x_wconf 78' lang='lat' dir='ltr'><strong>retinere</strong></span> <span class='ocrx_word' id='word_1_172' title='bbox 1307 1584 1387 1610; x_wconf 91' lang='lat' dir='ltr'><strong>non</strong></span> <span class='ocrx_word' id='word_1_173' title='bbox 1417 1583 1623 1625; x_wconf 87' lang='lat' dir='ltr'><strong>possumus</strong></span> 
     </span>
    </p>

    <p class='ocr_par' dir='ltr' id='par_1_6' title="bbox 131 1635 1624 1827">
     <span class='ocr_line' id='line_1_22' title="bbox 131 1635 1624 1691; baseline 0.001 -14"><span class='ocrx_word' id='word_1_174' title='bbox 131 1651 166 1678; x_wconf 72' lang='lat'><strong>28</strong></span> <span class='ocrx_word' id='word_1_175' title='bbox 184 1635 310 1676; x_wconf 86' lang='lat' dir='ltr'><strong>relicti</strong></span> <span class='ocrx_word' id='word_1_176' title='bbox 333 1637 486 1677; x_wconf 87' lang='lat' dir='ltr'><strong>demum</strong></span> <span class='ocrx_word' id='word_1_177' title='bbox 509 1636 796 1691; x_wconf 82' lang='lat' dir='ltr'><strong>intellegamus.</strong></span> <span class='ocrx_word' id='word_1_178' title='bbox 855 1635 1013 1678; x_wconf 87' lang='lat' dir='ltr'><strong>Primus</strong></span> <span class='ocrx_word' id='word_1_179' title='bbox 1037 1636 1202 1691; x_wconf 87' lang='lat' dir='ltr'><strong>quisque</strong></span> <span class='ocrx_word' id='word_1_180' title='bbox 1224 1643 1417 1691; x_wconf 85' lang='lat' dir='ltr'><strong>tamquam</strong></span> <span class='ocrx_word' id='word_1_181' title='bbox 1440 1637 1624 1690; x_wconf 79' lang='lat' dir='ltr'><strong>optimus</strong></span> 
     </span>
     <span class='ocr_line' id='line_1_23' title="bbox 182 1701 1620 1760; baseline 0 -16"><span class='ocrx_word' id='word_1_182' title='bbox 182 1703 266 1745; x_wconf 89' lang='lat' dir='ltr'><strong>dies</strong></span> <span class='ocrx_word' id='word_1_183' title='bbox 296 1704 448 1760; x_wconf 85' lang='lat' dir='ltr'><strong>placeat</strong></span> <span class='ocrx_word' id='word_1_184' title='bbox 467 1711 507 1745; x_wconf 89' lang='lat' dir='ltr'><strong>et</strong></span> <span class='ocrx_word' id='word_1_185' title='bbox 522 1703 723 1758; x_wconf 84' lang='lat' dir='ltr'><strong>redigatur</strong></span> <span class='ocrx_word' id='word_1_186' title='bbox 750 1703 790 1745; x_wconf 90' lang='lat' dir='ltr'><strong>in</strong></span> <span class='ocrx_word' id='word_1_187' title='bbox 823 1711 1016 1745; x_wconf 86' lang='lat' dir='ltr'><strong>nostrum.</strong></span> <span class='ocrx_word' id='word_1_188' title='bbox 1079 1701 1195 1757; x_wconf 89' lang='lat' dir='ltr'><strong>Quod</strong></span> <span class='ocrx_word' id='word_1_189' title='bbox 1225 1703 1324 1758; x_wconf 86' lang='lat' dir='ltr'><strong>fugit</strong></span> <span class='ocrx_word' id='word_1_190' title='bbox 1355 1703 1620 1759; x_wconf 89' lang='lat' dir='ltr'><strong>occupandum</strong></span> 
     </span>
     <span class='ocr_line' id='line_1_24' title="bbox 183 1770 1622 1827; baseline 0 -15"><span class='ocrx_word' id='word_1_191' title='bbox 183 1778 259 1812; x_wconf 86' lang='lat' dir='ltr'><strong>est.</strong></span> <span class='ocrx_word' id='word_1_192' title='bbox 320 1770 431 1813; x_wconf 89' lang='lat' dir='ltr'><strong>Haec</strong></span> <span class='ocrx_word' id='word_1_193' title='bbox 455 1785 533 1812; x_wconf 92' lang='lat' dir='ltr'><strong>non</strong></span> <span class='ocrx_word' id='word_1_194' title='bbox 557 1771 703 1826; x_wconf 84' lang='lat' dir='ltr'><strong>cogitat</strong></span> <span class='ocrx_word' id='word_1_195' title='bbox 729 1771 794 1813; x_wconf 89' lang='lat' dir='ltr'><strong>ille</strong></span> <span class='ocrx_word' id='word_1_196' title='bbox 823 1772 886 1827; x_wconf 91' lang='lat' dir='ltr'><strong>qui</strong></span> <span class='ocrx_word' id='word_1_197' title='bbox 910 1771 1153 1827; x_wconf 86' lang='lat' dir='ltr'><strong>grammatici</strong></span> <span class='ocrx_word' id='word_1_198' title='bbox 1184 1771 1308 1812; x_wconf 87' lang='lat' dir='ltr'><strong>oculis</strong></span> <span class='ocrx_word' id='word_1_199' title='bbox 1334 1784 1492 1812; x_wconf 83' lang='lat' dir='ltr'><strong>carmen</strong></span> <span class='ocrx_word' id='word_1_200' title='bbox 1518 1770 1622 1812; x_wconf 89' lang='lat' dir='ltr'><strong>istud</strong></span> 
     </span>
    </p>
   </div>
   <div class='ocr_carea' id='block_1_3' title="bbox 180 1861 882 2134">
    <p class='ocr_par' dir='ltr' id='par_1_7' title="bbox 180 1861 882 2134">
     <span class='ocr_line' id='line_1_25' title="bbox 227 1861 880 1896; baseline -0.003 0"><span class='ocrx_word' id='word_1_201' title='bbox 227 1861 272 1896; x_wconf 54' lang='lat' dir='ltr'><strong>SR</strong></span> <span class='ocrx_word' id='word_1_202' title='bbox 285 1880 327 1886; x_wconf 95' lang='lat'><strong>—</strong></span> <span class='ocrx_word' id='word_1_203' title='bbox 339 1862 403 1896; x_wconf 67' lang='lat' dir='ltr'><strong>§.ma</strong></span> <span class='ocrx_word' id='word_1_204' title='bbox 413 1877 459 1890; x_wconf 83' lang='lat'>=</span> <span class='ocrx_word' id='word_1_205' title='bbox 470 1873 493 1894; x_wconf 82' lang='lat' dir='ltr'><strong><em>a</em></strong></span> <span class='ocrx_word' id='word_1_206' title='bbox 502 1861 522 1894; x_wconf 87' lang='lat' dir='ltr'><strong>b</strong></span> <span class='ocrx_word' id='word_1_207' title='bbox 531 1861 628 1894; x_wconf 80' lang='lat' dir='ltr'><strong>ducit</strong></span> <span class='ocrx_word' id='word_1_208' title='bbox 649 1867 765 1895; x_wconf 83' lang='lat' dir='ltr'><strong>contra</strong></span> <span class='ocrx_word' id='word_1_209' title='bbox 776 1868 880 1895; x_wconf 87' lang='lat' dir='ltr'><strong>mstos</strong></span> 
     </span>
     <span class='ocr_line' id='line_1_26' title="bbox 183 1905 880 1952; baseline 0.001 -14"><span class='ocrx_word' id='word_1_210' title='bbox 183 1905 284 1939; x_wconf 82' lang='lat' dir='ltr'><strong>etiam</strong></span> <span class='ocrx_word' id='word_1_211' title='bbox 307 1907 365 1939; x_wconf 88' lang='lat' dir='ltr'><strong>Gr.</strong></span> <span class='ocrx_word' id='word_1_212' title='bbox 390 1909 464 1940; x_wconf 87' lang='lat' dir='ltr'><strong>Sac.</strong></span> <span class='ocrx_word' id='word_1_213' title='bbox 501 1906 684 1952; x_wconf 77' lang='grc' dir='ltr'><strong>Ζβπ(ιιιω)</strong></span> <span class='ocrx_word' id='word_1_214' title='bbox 698 1922 743 1935; x_wconf 94' lang='lat'>=</span> <span class='ocrx_word' id='word_1_215' title='bbox 756 1908 792 1941; x_wconf 69' lang='lat' dir='ltr'><em>N</em></span> <span class='ocrx_word' id='word_1_216' title='bbox 802 1919 825 1940; x_wconf 97' lang='grc' dir='ltr'><strong>ιι</strong></span> <span class='ocrx_word' id='word_1_217' title='bbox 836 1919 880 1939; x_wconf 88' lang='lat' dir='ltr'><strong>n-</strong></span> 
     </span>
     <span class='ocr_line' id='line_1_27' title="bbox 183 1952 882 1999; baseline 0.001 -15"><span class='ocrx_word' id='word_1_218' title='bbox 183 1964 206 1997; x_wconf 81' lang='lat' dir='ltr'><em>q</em></span> <span class='ocrx_word' id='word_1_219' title='bbox 217 1964 239 1984; x_wconf 90' lang='lat' dir='ltr'><strong>u</strong></span> <span class='ocrx_word' id='word_1_220' title='bbox 251 1953 264 1985; x_wconf 94' lang='lat' dir='ltr'><strong>i</strong></span> <span class='ocrx_word' id='word_1_221' title='bbox 274 1952 299 1984; x_wconf 87' lang='lat' dir='ltr'><strong>d</strong></span> <span class='ocrx_word' id='word_1_222' title='bbox 325 1953 517 1998; x_wconf 79' lang='lat' dir='ltr'><strong>Virgilius.</strong></span> <span class='ocrx_word' id='word_1_223' title='bbox 563 1954 590 1984; x_wconf 84' lang='lat' dir='ltr'>B</span> <span class='ocrx_word' id='word_1_224' title='bbox 599 1968 645 1980; x_wconf 90' lang='lat'><strong><em>=</em></strong></span> <span class='ocrx_word' id='word_1_225' title='bbox 656 1954 758 1999; x_wconf 80' lang='lat' dir='ltr'><strong>inqui</strong></span> <span class='ocrx_word' id='word_1_226' title='bbox 769 1953 804 1985; x_wconf 85' lang='lat' dir='ltr'><strong>d.</strong></span> <span class='ocrx_word' id='word_1_227' title='bbox 850 1952 882 1984; x_wconf 89' lang='lat' dir='ltr'><strong>G</strong></span> 
     </span>
     <span class='ocr_line' id='line_1_28' title="bbox 185 1997 881 2043; baseline 0.001 -14"><span class='ocrx_word' id='word_1_228' title='bbox 185 1997 322 2041; x_wconf 70' lang='lat' dir='ltr'><strong>(lit.).=</strong></span> <span class='ocrx_word' id='word_1_229' title='bbox 338 1999 398 2043; x_wconf 75' lang='lat' dir='ltr'><strong>inq</strong></span> <span class='ocrx_word' id='word_1_230' title='bbox 408 2011 431 2030; x_wconf 91' lang='lat' dir='ltr'><strong>u</strong></span> <span class='ocrx_word' id='word_1_231' title='bbox 443 2011 464 2030; x_wconf 85' lang='lat' dir='ltr'><em>a</em></span> <span class='ocrx_word' id='word_1_232' title='bbox 475 2010 519 2031; x_wconf 90' lang='lat' dir='ltr'><strong>m.</strong></span> <span class='ocrx_word' id='word_1_233' title='bbox 577 1998 605 2030; x_wconf 87' lang='lat' dir='ltr'>R</span> <span class='ocrx_word' id='word_1_234' title='bbox 616 2013 660 2026; x_wconf 91' lang='lat'>=</span> <span class='ocrx_word' id='word_1_235' title='bbox 683 2011 702 2030; x_wconf 86' lang='lat' dir='ltr'><strong>c</strong></span> <span class='ocrx_word' id='word_1_236' title='bbox 713 1999 727 2030; x_wconf 88' lang='lat' dir='ltr'><strong>i</strong></span> <span class='ocrx_word' id='word_1_237' title='bbox 736 1998 881 2031; x_wconf 79' lang='lat' dir='ltr'><strong>tutissi-</strong></span> 
     </span>
     <span class='ocr_line' id='line_1_29' title="bbox 185 2043 882 2089; baseline 0.001 -15"><span class='ocrx_word' id='word_1_238' title='bbox 185 2055 277 2075; x_wconf 83' lang='lat' dir='ltr'><strong>mum</strong></span> <span class='ocrx_word' id='word_1_239' title='bbox 301 2052 365 2076; x_wconf 78' lang='lat' dir='ltr'><strong>est.</strong></span> <span class='ocrx_word' id='word_1_240' title='bbox 436 2044 465 2075; x_wconf 90' lang='lat' dir='ltr'><strong>G</strong></span> <span class='ocrx_word' id='word_1_241' title='bbox 478 2045 538 2089; x_wconf 88' lang='lat' dir='ltr'><strong>(cr.</strong></span> <span class='ocrx_word' id='word_1_242' title='bbox 557 2043 609 2088; x_wconf 76' lang='grc' dir='ltr'><strong>ω)</strong></span> <span class='ocrx_word' id='word_1_243' title='bbox 637 2044 700 2079; x_wconf 63' lang='grc' dir='ltr'><strong>ἳίθί</strong></span> <span class='ocrx_word' id='word_1_244' title='bbox 721 2063 764 2069; x_wconf 89' lang='grc'>-</span> <span class='ocrx_word' id='word_1_245' title='bbox 787 2045 820 2079; x_wconf 57' lang='lat' dir='ltr'><strong>§B</strong></span> <span class='ocrx_word' id='word_1_246' title='bbox 836 2058 882 2072; x_wconf 85' lang='lat'>=</span> 
     </span>
     <span class='ocr_line' id='line_1_30' title="bbox 180 2089 470 2134; baseline 0.003 -14"><span class='ocrx_word' id='word_1_247' title='bbox 180 2089 321 2133; x_wconf 71' lang='lat' dir='ltr'><strong>primus</strong></span> <span class='ocrx_word' id='word_1_248' title='bbox 346 2101 413 2134; x_wconf 83' lang='lat' dir='ltr'><strong>rap</strong></span> <span class='ocrx_word' id='word_1_249' title='bbox 422 2090 437 2122; x_wconf 92' lang='lat' dir='ltr'><strong>i</strong></span> <span class='ocrx_word' id='word_1_250' title='bbox 445 2098 470 2121; x_wconf 78' lang='lat' dir='ltr'><strong>t.</strong></span> 
     </span>
    </p>
   </div>
   <div class='ocr_carea' id='block_1_4' title="bbox 228 2130 881 2179">
    <p class='ocr_par' dir='ltr' id='par_1_8' title="bbox 228 2130 881 2179">
     <span class='ocr_line' id='line_1_31' title="bbox 228 2130 881 2179; baseline 0 -13"><span class='ocrx_word' id='word_1_251' title='bbox 228 2130 285 2166; x_wconf 81' lang='lat'><strong>26.</strong></span> <span class='ocrx_word' id='word_1_252' title='bbox 309 2133 496 2178; x_wconf 76' lang='grc' dir='ltr'><strong>ΒΖβιλοπψ</strong></span> <span class='ocrx_word' id='word_1_253' title='bbox 523 2137 558 2173; x_wconf 76' lang='grc'><strong>-1-</strong></span> <span class='ocrx_word' id='word_1_254' title='bbox 587 2142 631 2167; x_wconf 75' lang='lat' dir='ltr'><strong>et</strong></span> <span class='ocrx_word' id='word_1_255' title='bbox 654 2134 881 2179; x_wconf 79' lang='lat' dir='ltr'><strong>quemadmo—</strong></span> 
     </span>
    </p>
   </div>
   <div class='ocr_carea' id='block_1_5' title="bbox 925 1861 1624 2175">
    <p class='ocr_par' dir='ltr' id='par_1_9' title="bbox 925 1861 1624 2175">
     <span class='ocr_line' id='line_1_32' title="bbox 926 1861 1624 1907; baseline 0 -13"><span class='ocrx_word' id='word_1_256' title='bbox 926 1881 968 1886; x_wconf 96' lang='lat'><strong>—</strong></span> <span class='ocrx_word' id='word_1_257' title='bbox 983 1861 1157 1895; x_wconf 86' lang='lat' dir='ltr'><strong>incertum</strong></span> <span class='ocrx_word' id='word_1_258' title='bbox 1178 1869 1243 1894; x_wconf 80' lang='lat' dir='ltr'><strong>est.</strong></span> <span class='ocrx_word' id='word_1_259' title='bbox 1277 1861 1341 1896; x_wconf 62' lang='lat'><strong>2123</strong></span> <span class='ocrx_word' id='word_1_260' title='bbox 1351 1879 1396 1885; x_wconf 93' lang='lat'><strong>—</strong></span> <span class='ocrx_word' id='word_1_261' title='bbox 1405 1861 1470 1896; x_wconf 56' lang='lat' dir='ltr'><strong>’Ista</strong></span> <span class='ocrx_word' id='word_1_262' title='bbox 1481 1875 1528 1889; x_wconf 91' lang='lat'>=</span> <span class='ocrx_word' id='word_1_263' title='bbox 1539 1861 1624 1907; x_wconf 77' lang='lat' dir='ltr'><strong>quia</strong></span> 
     </span>
     <span class='ocr_line' id='line_1_33' title="bbox 927 1907 1623 1952; baseline -0.001 -13"><span class='ocrx_word' id='word_1_264' title='bbox 927 1915 1041 1940; x_wconf 76' lang='lat' dir='ltr'><strong>restat</strong></span> <span class='ocrx_word' id='word_1_265' title='bbox 1063 1907 1156 1952; x_wconf 86' lang='lat' dir='ltr'><strong>quod</strong></span> <span class='ocrx_word' id='word_1_266' title='bbox 1176 1907 1348 1939; x_wconf 75' lang='lat' dir='ltr'><strong>incertum</strong></span> <span class='ocrx_word' id='word_1_267' title='bbox 1379 1914 1444 1939; x_wconf 76' lang='lat' dir='ltr'><strong>est.</strong></span> <span class='ocrx_word' id='word_1_268' title='bbox 1491 1907 1557 1943; x_wconf 67' lang='lat' dir='ltr'><strong>‘Xffi</strong></span> <span class='ocrx_word' id='word_1_269' title='bbox 1577 1923 1623 1932; x_wconf 90' lang='lat'><strong>·—</strong></span> 
     </span>
     <span class='ocr_line' id='line_1_34' title="bbox 926 1952 1622 1998; baseline 0 -13"><span class='ocrx_word' id='word_1_270' title='bbox 926 1954 959 1988; x_wconf 48' lang='grc' dir='ltr'>ὃ</span> <span class='ocrx_word' id='word_1_271' title='bbox 975 1957 1008 1991; x_wconf 58' lang='grc' dir='ltr'><strong>-Ικ</strong></span> <span class='ocrx_word' id='word_1_272' title='bbox 1026 1952 1187 1998; x_wconf 78' lang='lat' dir='ltr'><strong>ingeniis</strong></span> <span class='ocrx_word' id='word_1_273' title='bbox 1209 1960 1279 1985; x_wconf 72' lang='lat' dir='ltr'><strong>est</strong></span> <span class='ocrx_word' id='word_1_274' title='bbox 1304 1959 1350 1984; x_wconf 82' lang='lat' dir='ltr'><strong>et.</strong></span> <span class='ocrx_word' id='word_1_275' title='bbox 1395 1952 1422 1983; x_wconf 91' lang='lat' dir='ltr'>B</span> <span class='ocrx_word' id='word_1_276' title='bbox 1443 1966 1489 1979; x_wconf 95' lang='lat'><strong><em>=</em></strong></span> <span class='ocrx_word' id='word_1_277' title='bbox 1510 1959 1544 1984; x_wconf 79' lang='lat' dir='ltr'><strong>et</strong></span> <span class='ocrx_word' id='word_1_278' title='bbox 1574 1964 1622 1985; x_wconf 82' lang='lat' dir='ltr'><strong>e—</strong></span> 
     </span>
     <span class='ocr_line' id='line_1_35' title="bbox 927 1995 1585 2043; baseline 0 -13"><span class='ocrx_word' id='word_1_279' title='bbox 927 1998 1050 2031; x_wconf 79' lang='lat' dir='ltr'><strong>missis</strong></span> <span class='ocrx_word' id='word_1_280' title='bbox 1072 1997 1122 2031; x_wconf 85' lang='lat' dir='ltr'><strong>ad</strong></span> <span class='ocrx_word' id='word_1_281' title='bbox 1144 2009 1245 2043; x_wconf 81' lang='lat' dir='ltr'><strong>quae.</strong></span> <span class='ocrx_word' id='word_1_282' title='bbox 1291 1997 1319 2029; x_wconf 82' lang='lat' dir='ltr'><strong>R</strong></span> <span class='ocrx_word' id='word_1_283' title='bbox 1332 2011 1379 2025; x_wconf 90' lang='lat'>=</span> <span class='ocrx_word' id='word_1_284' title='bbox 1391 1995 1439 2029; x_wconf 83' lang='lat' dir='ltr'><strong>ob</strong></span> <span class='ocrx_word' id='word_1_285' title='bbox 1450 1996 1585 2030; x_wconf 68' lang='lat' dir='ltr'><strong>mis-vis.</strong></span> 
     </span>
     <span class='ocr_line' id='line_1_36' title="bbox 972 2042 1622 2085; baseline -0.003 -9"><span class='ocrx_word' id='word_1_286' title='bbox 972 2044 997 2076; x_wconf 85' lang='lat' dir='ltr'><strong><em>d</em></strong></span> <span class='ocrx_word' id='word_1_287' title='bbox 1007 2056 1026 2076; x_wconf 84' lang='lat' dir='ltr'><strong>e</strong></span> <span class='ocrx_word' id='word_1_288' title='bbox 1037 2043 1198 2076; x_wconf 77' lang='lat' dir='ltr'><strong>vertimu</strong></span> <span class='ocrx_word' id='word_1_289' title='bbox 1209 2055 1228 2075; x_wconf 93' lang='lat' dir='ltr'><strong>r</strong></span> <span class='ocrx_word' id='word_1_290' title='bbox 1239 2057 1284 2070; x_wconf 94' lang='lat'>=</span> <span class='ocrx_word' id='word_1_291' title='bbox 1301 2043 1327 2074; x_wconf 92' lang='lat' dir='ltr'>B</span> <span class='ocrx_word' id='word_1_292' title='bbox 1338 2044 1381 2074; x_wconf 87' lang='lat' dir='ltr'><strong>sa</strong></span> <span class='ocrx_word' id='word_1_293' title='bbox 1393 2043 1441 2078; x_wconf 60' lang='grc' dir='ltr'><strong>Ξ,</strong></span> <span class='ocrx_word' id='word_1_294' title='bbox 1511 2042 1570 2074; x_wconf 87' lang='lat' dir='ltr'><strong>GR</strong></span> <span class='ocrx_word' id='word_1_295' title='bbox 1583 2053 1622 2085; x_wconf 88' lang='grc' dir='ltr'><strong>ρρ</strong></span> 
     </span>
     <span class='ocr_line' id='line_1_37' title="bbox 925 2087 1619 2124; baseline -0.004 -3"><span class='ocrx_word' id='word_1_296' title='bbox 925 2087 985 2121; x_wconf 80' lang='grc' dir='ltr'><strong>Ρ2.</strong></span> <span class='ocrx_word' id='word_1_297' title='bbox 997 2087 1032 2122; x_wconf 82' lang='grc'><strong>3.</strong></span> <span class='ocrx_word' id='word_1_298' title='bbox 1058 2087 1129 2120; x_wconf 82' lang='lat' dir='ltr'><strong>Col.</strong></span> <span class='ocrx_word' id='word_1_299' title='bbox 1152 2088 1217 2123; x_wconf 63' lang='lat' dir='ltr'><strong>21}st</strong></span> <span class='ocrx_word' id='word_1_300' title='bbox 1228 2105 1276 2112; x_wconf 90' lang='lat'>—</span> <span class='ocrx_word' id='word_1_301' title='bbox 1287 2089 1351 2124; x_wconf 62' lang='lat' dir='ltr'><strong>ffl.</strong></span> <span class='ocrx_word' id='word_1_302' title='bbox 1374 2102 1420 2115; x_wconf 93' lang='lat'>=</span> <span class='ocrx_word' id='word_1_303' title='bbox 1441 2087 1466 2118; x_wconf 84' lang='lat' dir='ltr'><strong>d</strong></span> <span class='ocrx_word' id='word_1_304' title='bbox 1477 2088 1493 2119; x_wconf 91' lang='lat' dir='ltr'><strong>i</strong></span> <span class='ocrx_word' id='word_1_305' title='bbox 1505 2088 1619 2119; x_wconf 76' lang='lat' dir='ltr'><strong>verti-</strong></span> 
     </span>
     <span class='ocr_line' id='line_1_38' title="bbox 926 2129 1620 2175; baseline -0.007 -9"><span class='ocrx_word' id='word_1_306' title='bbox 926 2146 1015 2166; x_wconf 86' lang='lat' dir='ltr'><strong>mur.</strong></span> <span class='ocrx_word' id='word_1_307' title='bbox 1062 2133 1154 2166; x_wconf 85' lang='lat' dir='ltr'><strong>Pinc.</strong></span> <span class='ocrx_word' id='word_1_308' title='bbox 1175 2144 1208 2165; x_wconf 80' lang='lat' dir='ltr'><strong>v.</strong></span> <span class='ocrx_word' id='word_1_309' title='bbox 1228 2132 1250 2164; x_wconf 95' lang='lat' dir='ltr'><strong>l.</strong></span> <span class='ocrx_word' id='word_1_310' title='bbox 1272 2129 1376 2164; x_wconf 78' lang='lat' dir='ltr'><strong>P1.4.</strong></span> <span class='ocrx_word' id='word_1_311' title='bbox 1391 2130 1435 2175; x_wconf 63' lang='grc' dir='ltr'><strong>(ἲ)</strong></span> <span class='ocrx_word' id='word_1_312' title='bbox 1460 2132 1487 2166; x_wconf 76' lang='grc' dir='ltr'><strong>(ξ</strong></span> <span class='ocrx_word' id='word_1_313' title='bbox 1501 2150 1542 2157; x_wconf 86' lang='grc'>-</span> <span class='ocrx_word' id='word_1_314' title='bbox 1555 2131 1620 2166; x_wconf 66' lang='lat' dir='ltr'><strong>fflta</strong></span> 
     </span>
    </p>
   </div>
   <div class='ocr_carea' id='block_1_6' title="bbox 180 2178 880 2270">
    <p class='ocr_par' dir='ltr' id='par_1_10' title="bbox 180 2178 880 2270">
     <span class='ocr_line' id='line_1_39' title="bbox 183 2178 880 2225; baseline 0.003 -15"><span class='ocrx_word' id='word_1_315' title='bbox 183 2178 268 2210; x_wconf 84' lang='lat' dir='ltr'><strong>dum</strong></span> <span class='ocrx_word' id='word_1_316' title='bbox 292 2191 335 2211; x_wconf 87' lang='lat' dir='ltr'><strong>ex</strong></span> <span class='ocrx_word' id='word_1_317' title='bbox 356 2180 539 2225; x_wconf 81' lang='lat' dir='ltr'><strong>amphora.</strong></span> <span class='ocrx_word' id='word_1_318' title='bbox 563 2180 589 2210; x_wconf 90' lang='lat' dir='ltr'>B</span> <span class='ocrx_word' id='word_1_319' title='bbox 603 2179 660 2222; x_wconf 86' lang='lat' dir='ltr'><strong>(cr.</strong></span> <span class='ocrx_word' id='word_1_320' title='bbox 676 2179 729 2222; x_wconf 74' lang='grc' dir='ltr'><strong>ω)</strong></span> <span class='ocrx_word' id='word_1_321' title='bbox 744 2195 789 2208; x_wconf 93' lang='lat'>=</span> <span class='ocrx_word' id='word_1_322' title='bbox 801 2188 880 2212; x_wconf 81' lang='lat' dir='ltr'><strong>tur—</strong></span> 
     </span>
     <span class='ocr_line' id='line_1_40' title="bbox 180 2223 833 2270; baseline 0.003 -15"><span class='ocrx_word' id='word_1_323' title='bbox 180 2235 206 2269; x_wconf 84' lang='lat' dir='ltr'><strong>p</strong></span> <span class='ocrx_word' id='word_1_324' title='bbox 215 2223 388 2267; x_wconf 87' lang='lat' dir='ltr'><strong>idumque.</strong></span> <span class='ocrx_word' id='word_1_325' title='bbox 438 2224 468 2256; x_wconf 91' lang='lat' dir='ltr'>G</span> <span class='ocrx_word' id='word_1_326' title='bbox 479 2239 523 2252; x_wconf 91' lang='lat'>=</span> <span class='ocrx_word' id='word_1_327' title='bbox 535 2224 632 2257; x_wconf 83' lang='lat' dir='ltr'><strong>turbi</strong></span> <span class='ocrx_word' id='word_1_328' title='bbox 639 2224 664 2256; x_wconf 90' lang='lat' dir='ltr'><strong><em>d</em></strong></span> <span class='ocrx_word' id='word_1_329' title='bbox 674 2225 689 2256; x_wconf 87' lang='lat' dir='ltr'><strong>i</strong></span> <span class='ocrx_word' id='word_1_330' title='bbox 698 2236 721 2256; x_wconf 88' lang='lat' dir='ltr'><strong><em>n</em></strong></span> <span class='ocrx_word' id='word_1_331' title='bbox 734 2225 749 2256; x_wconf 89' lang='lat' dir='ltr'><strong>i</strong></span> <span class='ocrx_word' id='word_1_332' title='bbox 756 2237 833 2270; x_wconf 82' lang='lat' dir='ltr'><strong>que.</strong></span> 
     </span>
    </p>
   </div>
   <div class='ocr_carea' id='block_1_7' title="bbox 921 2176 1620 2269">
    <p class='ocr_par' dir='ltr' id='par_1_11' title="bbox 921 2176 1620 2269">
     <span class='ocr_line' id='line_1_41' title="bbox 925 2176 1620 2221; baseline -0.004 -10"><span class='ocrx_word' id='word_1_333' title='bbox 925 2194 970 2207; x_wconf 87' lang='lat'><strong><em>=</em></strong></span> <span class='ocrx_word' id='word_1_334' title='bbox 995 2178 1020 2211; x_wconf 87' lang='lat' dir='ltr'><strong>d</strong></span> <span class='ocrx_word' id='word_1_335' title='bbox 1031 2178 1184 2211; x_wconf 80' lang='lat' dir='ltr'><strong>ivertim</strong></span> <span class='ocrx_word' id='word_1_336' title='bbox 1195 2189 1217 2208; x_wconf 89' lang='grc' dir='ltr'><strong>ιι</strong></span> <span class='ocrx_word' id='word_1_337' title='bbox 1226 2188 1256 2210; x_wconf 76' lang='lat' dir='ltr'><strong>s.</strong></span> <span class='ocrx_word' id='word_1_338' title='bbox 1314 2176 1389 2219; x_wconf 87' lang='grc' dir='ltr'><strong>Ζγδ</strong></span> <span class='ocrx_word' id='word_1_339' title='bbox 1412 2191 1459 2204; x_wconf 88' lang='lat'><strong><em>=</em></strong></span> <span class='ocrx_word' id='word_1_340' title='bbox 1484 2184 1620 2221; x_wconf 73' lang='lat' dir='ltr'><strong>tempus</strong></span> 
     </span>
     <span class='ocr_line' id='line_1_42' title="bbox 921 2221 1620 2269; baseline -0.004 -13"><span class='ocrx_word' id='word_1_341' title='bbox 921 2232 1003 2269; x_wconf 75' lang='lat' dir='ltr'><strong>pert</strong></span> <span class='ocrx_word' id='word_1_342' title='bbox 1012 2223 1027 2256; x_wconf 91' lang='lat' dir='ltr'><strong>i</strong></span> <span class='ocrx_word' id='word_1_343' title='bbox 1036 2234 1059 2255; x_wconf 87' lang='lat' dir='ltr'><strong><em>n</em></strong></span> <span class='ocrx_word' id='word_1_344' title='bbox 1069 2234 1093 2254; x_wconf 85' lang='grc' dir='ltr'><em>α</em></span> <span class='ocrx_word' id='word_1_345' title='bbox 1103 2221 1294 2254; x_wconf 74' lang='lat' dir='ltr'><strong>cissimum.</strong></span> <span class='ocrx_word' id='word_1_346' title='bbox 1341 2233 1360 2255; x_wconf 86' lang='grc' dir='ltr'>υ</span> <span class='ocrx_word' id='word_1_347' title='bbox 1372 2221 1398 2256; x_wconf 74' lang='grc' dir='ltr'><strong>(ξ</strong></span> <span class='ocrx_word' id='word_1_348' title='bbox 1420 2236 1465 2250; x_wconf 89' lang='lat'><strong><em>=</em></strong></span> <span class='ocrx_word' id='word_1_349' title='bbox 1483 2229 1620 2267; x_wconf 77' lang='lat' dir='ltr'><strong>ternpus</strong></span> 
     </span>
    </p>
   </div>
   <div class='ocr_carea' id='block_1_8' title="bbox 228 2266 1619 2314">
    <p class='ocr_par' dir='ltr' id='par_1_12' title="bbox 228 2266 1619 2314">
     <span class='ocr_line' id='line_1_43' title="bbox 228 2266 1619 2314; baseline -0.002 -13"><span class='ocrx_word' id='word_1_350' title='bbox 228 2270 321 2314; x_wconf 88' lang='lat' dir='ltr'><strong>quod</strong></span> <span class='ocrx_word' id='word_1_351' title='bbox 353 2281 372 2300; x_wconf 86' lang='lat' dir='ltr'><strong>e</strong></span> <span class='ocrx_word' id='word_1_352' title='bbox 382 2281 401 2300; x_wconf 84' lang='lat' dir='ltr'><strong>s</strong></span> <span class='ocrx_word' id='word_1_353' title='bbox 412 2277 426 2301; x_wconf 79' lang='lat' dir='ltr'><em>t</em></span> <span class='ocrx_word' id='word_1_354' title='bbox 450 2270 617 2314; x_wconf 78' lang='lat' dir='ltr'><strong>optimum</strong></span> <span class='ocrx_word' id='word_1_355' title='bbox 625 2284 670 2297; x_wconf 87' lang='lat'>=</span> <span class='ocrx_word' id='word_1_356' title='bbox 681 2281 758 2301; x_wconf 87' lang='lat' dir='ltr'><strong>mss.</strong></span> <span class='ocrx_word' id='word_1_357' title='bbox 780 2268 881 2300; x_wconf 81' lang='lat' dir='ltr'><strong>etiam</strong></span> <span class='ocrx_word' id='word_1_358' title='bbox 919 2268 1064 2314; x_wconf 84' lang='lat' dir='ltr'><strong>pernici</strong></span> <span class='ocrx_word' id='word_1_359' title='bbox 1072 2279 1091 2299; x_wconf 90' lang='lat' dir='ltr'><strong>o</strong></span> <span class='ocrx_word' id='word_1_360' title='bbox 1101 2280 1118 2300; x_wconf 79' lang='lat' dir='ltr'><strong>s</strong></span> <span class='ocrx_word' id='word_1_361' title='bbox 1128 2267 1300 2299; x_wconf 78' lang='lat' dir='ltr'><strong>issimum.</strong></span> <span class='ocrx_word' id='word_1_362' title='bbox 1346 2266 1376 2298; x_wconf 79' lang='lat' dir='ltr'>R</span> <span class='ocrx_word' id='word_1_363' title='bbox 1387 2282 1433 2295; x_wconf 91' lang='lat'><strong><em>=</em></strong></span> <span class='ocrx_word' id='word_1_364' title='bbox 1444 2278 1515 2299; x_wconf 86' lang='lat' dir='ltr'><strong>non</strong></span> <span class='ocrx_word' id='word_1_365' title='bbox 1530 2277 1619 2313; x_wconf 73' lang='lat' dir='ltr'><strong>pos-</strong></span> 
     </span>
    </p>
   </div>
   <div class='ocr_carea' id='block_1_9' title="bbox 179 2313 881 2856">
    <p class='ocr_par' dir='ltr' id='par_1_13' title="bbox 179 2313 881 2800">
     <span class='ocr_line' id='line_1_44' title="bbox 184 2313 880 2349; baseline -0.001 0"><span class='ocrx_word' id='word_1_366' title='bbox 184 2313 242 2346; x_wconf 85' lang='lat' dir='ltr'><strong>Gr-</strong></span> <span class='ocrx_word' id='word_1_367' title='bbox 262 2314 327 2348; x_wconf 67' lang='lat' dir='ltr'><strong>Xffl</strong></span> <span class='ocrx_word' id='word_1_368' title='bbox 350 2332 393 2337; x_wconf 85' lang='lat'><strong>—-</strong></span> <span class='ocrx_word' id='word_1_369' title='bbox 410 2315 456 2349; x_wconf 68' lang='lat'><strong>(5.</strong></span> <span class='ocrx_word' id='word_1_370' title='bbox 525 2314 805 2349; x_wconf 66' lang='lat' dir='ltr'><strong>fflt—&amp;—est.</strong></span> <span class='ocrx_word' id='word_1_371' title='bbox 844 2313 880 2348; x_wconf 73' lang='grc' dir='ltr'><strong>θῑ</strong></span> 
     </span>
     <span class='ocr_line' id='line_1_45' title="bbox 182 2358 881 2404; baseline 0.009 -16"><span class='ocrx_word' id='word_1_372' title='bbox 182 2377 220 2383; x_wconf 95' lang='grc'><strong>-</strong></span> <span class='ocrx_word' id='word_1_373' title='bbox 237 2359 271 2394; x_wconf 59' lang='lat' dir='ltr'><strong>§B</strong></span> <span class='ocrx_word' id='word_1_374' title='bbox 282 2358 378 2390; x_wconf 86' lang='lat' dir='ltr'><strong>——in</strong></span> <span class='ocrx_word' id='word_1_375' title='bbox 409 2364 486 2390; x_wconf 86' lang='lat' dir='ltr'><strong>ante</strong></span> <span class='ocrx_word' id='word_1_376' title='bbox 504 2358 622 2404; x_wconf 84' lang='lat' dir='ltr'><strong>primo</strong></span> <span class='ocrx_word' id='word_1_377' title='bbox 644 2365 708 2391; x_wconf 80' lang='lat' dir='ltr'><strong>est.</strong></span> <span class='ocrx_word' id='word_1_378' title='bbox 756 2359 819 2395; x_wconf 59' lang='lat'><strong>(51.</strong></span> <span class='ocrx_word' id='word_1_379' title='bbox 834 2375 881 2383; x_wconf 88' lang='lat'><strong>·-·</strong></span> 
     </span>
     <span class='ocr_line' id='line_1_46' title="bbox 182 2401 878 2448; baseline -0.001 -13"><span class='ocrx_word' id='word_1_380' title='bbox 182 2404 227 2439; x_wconf 60' lang='lat' dir='ltr'><strong>SR</strong></span> <span class='ocrx_word' id='word_1_381' title='bbox 250 2419 296 2432; x_wconf 91' lang='lat'><strong><em>=</em></strong></span> <span class='ocrx_word' id='word_1_382' title='bbox 310 2404 480 2448; x_wconf 83' lang='lat' dir='ltr'><strong>primum</strong></span> <span class='ocrx_word' id='word_1_383' title='bbox 504 2411 568 2436; x_wconf 79' lang='lat' dir='ltr'><strong>ese.</strong></span> <span class='ocrx_word' id='word_1_384' title='bbox 617 2403 647 2435; x_wconf 90' lang='lat' dir='ltr'><strong>G</strong></span> <span class='ocrx_word' id='word_1_385' title='bbox 662 2401 821 2447; x_wconf 71' lang='lat' dir='ltr'><strong>(soe)1’1.</strong></span> <span class='ocrx_word' id='word_1_386' title='bbox 835 2421 878 2427; x_wconf 94' lang='lat'><em>—</em></span> 
     </span>
     <span class='ocr_line' id='line_1_47' title="bbox 183 2446 878 2494; baseline -0.003 -12"><span class='ocrx_word' id='word_1_387' title='bbox 183 2457 249 2483; x_wconf 79' lang='lat' dir='ltr'><strong>est.</strong></span> <span class='ocrx_word' id='word_1_388' title='bbox 294 2446 365 2482; x_wconf 81' lang='lat' dir='ltr'><strong>P4.</strong></span> <span class='ocrx_word' id='word_1_389' title='bbox 389 2463 435 2476; x_wconf 91' lang='lat'>=</span> <span class='ocrx_word' id='word_1_390' title='bbox 458 2449 562 2494; x_wconf 75' lang='lat' dir='ltr'><strong>ipso</strong></span> <span class='ocrx_word' id='word_1_391' title='bbox 606 2456 670 2481; x_wconf 77' lang='lat' dir='ltr'><strong>est.</strong></span> <span class='ocrx_word' id='word_1_392' title='bbox 733 2459 750 2489; x_wconf 90' lang='grc' dir='ltr'>ρ</span> <span class='ocrx_word' id='word_1_393' title='bbox 772 2463 818 2476; x_wconf 81' lang='lat'><strong>==</strong></span> <span class='ocrx_word' id='word_1_394' title='bbox 840 2449 878 2481; x_wconf 87' lang='lat' dir='ltr'><strong>in</strong></span> 
     </span>
     <span class='ocr_line' id='line_1_48' title="bbox 179 2493 878 2540; baseline -0.003 -12"><span class='ocrx_word' id='word_1_395' title='bbox 179 2495 426 2540; x_wconf 84' lang='lat' dir='ltr'><strong>principio</strong></span> <span class='ocrx_word' id='word_1_396' title='bbox 445 2502 509 2528; x_wconf 80' lang='lat' dir='ltr'><strong>ese.</strong></span> <span class='ocrx_word' id='word_1_397' title='bbox 534 2493 744 2527; x_wconf 63' lang='lat' dir='ltr'><strong>1=Idem</strong></span> <span class='ocrx_word' id='word_1_398' title='bbox 765 2493 878 2526; x_wconf 84' lang='lat' dir='ltr'><strong>huu-</strong></span> 
     </span>
     <span class='ocr_line' id='line_1_49' title="bbox 184 2538 880 2585; baseline 0.001 -13"><span class='ocrx_word' id='word_1_399' title='bbox 184 2540 255 2573; x_wconf 85' lang='lat' dir='ltr'><strong>riri</strong></span> <span class='ocrx_word' id='word_1_400' title='bbox 276 2552 341 2572; x_wconf 81' lang='lat' dir='ltr'><strong>mu</strong></span> <span class='ocrx_word' id='word_1_401' title='bbox 351 2539 390 2572; x_wconf 84' lang='lat' dir='ltr'><strong>li</strong></span> <span class='ocrx_word' id='word_1_402' title='bbox 399 2551 417 2572; x_wconf 77' lang='lat' dir='ltr'><strong>s</strong></span> <span class='ocrx_word' id='word_1_403' title='bbox 436 2539 558 2585; x_wconf 69' lang='lat' dir='ltr'><strong>potius</strong></span> <span class='ocrx_word' id='word_1_404' title='bbox 572 2538 743 2584; x_wconf 78' lang='lat' dir='ltr'><strong>patimur.</strong></span> <span class='ocrx_word' id='word_1_405' title='bbox 789 2539 880 2573; x_wconf 69' lang='lat' dir='ltr'><strong>ffi—</strong></span> 
     </span>
     <span class='ocr_line' id='line_1_50' title="bbox 183 2581 877 2620; baseline -0.007 0"><span class='ocrx_word' id='word_1_406' title='bbox 183 2586 216 2620; x_wconf 62' lang='lat'><strong>98</strong></span> <span class='ocrx_word' id='word_1_407' title='bbox 240 2600 286 2614; x_wconf 91' lang='lat'>=</span> <span class='ocrx_word' id='word_1_408' title='bbox 305 2585 458 2618; x_wconf 81' lang='lat' dir='ltr'><strong>exhauri</strong></span> <span class='ocrx_word' id='word_1_409' title='bbox 468 2598 486 2617; x_wconf 89' lang='lat' dir='ltr'><strong>r</strong></span> <span class='ocrx_word' id='word_1_410' title='bbox 496 2597 526 2617; x_wconf 85' lang='lat' dir='ltr'><strong>e.</strong></span> <span class='ocrx_word' id='word_1_411' title='bbox 571 2583 630 2618; x_wconf 82' lang='lat' dir='ltr'><strong>Pl.</strong></span> <span class='ocrx_word' id='word_1_412' title='bbox 641 2581 673 2616; x_wconf 86' lang='lat'><strong>4.</strong></span> <span class='ocrx_word' id='word_1_413' title='bbox 686 2599 731 2612; x_wconf 94' lang='lat'>=</span> <span class='ocrx_word' id='word_1_414' title='bbox 746 2584 791 2616; x_wconf 84' lang='lat' dir='ltr'><strong>Id</strong></span> <span class='ocrx_word' id='word_1_415' title='bbox 814 2596 877 2616; x_wconf 76' lang='lat' dir='ltr'><strong>ex·</strong></span> 
     </span>
     <span class='ocr_line' id='line_1_51' title="bbox 185 2629 878 2675; baseline -0.001 -13"><span class='ocrx_word' id='word_1_416' title='bbox 185 2630 312 2663; x_wconf 79' lang='lat' dir='ltr'><strong>haurit</strong></span> <span class='ocrx_word' id='word_1_417' title='bbox 321 2644 340 2662; x_wconf 81' lang='lat' dir='ltr'><strong>e</strong></span> <span class='ocrx_word' id='word_1_418' title='bbox 374 2642 407 2662; x_wconf 91' lang='lat' dir='ltr'><strong>m</strong></span> <span class='ocrx_word' id='word_1_419' title='bbox 417 2642 440 2662; x_wconf 87' lang='lat' dir='ltr'><em>a</em></span> <span class='ocrx_word' id='word_1_420' title='bbox 450 2630 467 2663; x_wconf 88' lang='lat' dir='ltr'><em>l</em></span> <span class='ocrx_word' id='word_1_421' title='bbox 473 2630 487 2662; x_wconf 90' lang='lat' dir='ltr'><strong>i</strong></span> <span class='ocrx_word' id='word_1_422' title='bbox 496 2641 531 2662; x_wconf 90' lang='lat' dir='ltr'><strong>m</strong></span> <span class='ocrx_word' id='word_1_423' title='bbox 540 2641 564 2662; x_wconf 91' lang='lat' dir='ltr'><strong>u</strong></span> <span class='ocrx_word' id='word_1_424' title='bbox 573 2641 591 2663; x_wconf 73' lang='lat' dir='ltr'><strong>s</strong></span> <span class='ocrx_word' id='word_1_425' title='bbox 630 2629 749 2675; x_wconf 77' lang='lat' dir='ltr'><strong>potius</strong></span> <span class='ocrx_word' id='word_1_426' title='bbox 777 2629 878 2674; x_wconf 80' lang='lat' dir='ltr'><strong>pati-</strong></span> 
     </span>
     <span class='ocr_line' id='line_1_52' title="bbox 184 2673 878 2708; baseline -0.003 0"><span class='ocrx_word' id='word_1_427' title='bbox 184 2688 273 2708; x_wconf 86' lang='lat' dir='ltr'><strong>mur.</strong></span> <span class='ocrx_word' id='word_1_428' title='bbox 323 2675 393 2708; x_wconf 88' lang='lat' dir='ltr'><strong>col.</strong></span> <span class='ocrx_word' id='word_1_429' title='bbox 409 2690 453 2704; x_wconf 83' lang='lat'><strong>==</strong></span> <span class='ocrx_word' id='word_1_430' title='bbox 468 2676 514 2708; x_wconf 84' lang='lat' dir='ltr'><strong>Id</strong></span> <span class='ocrx_word' id='word_1_431' title='bbox 543 2674 711 2708; x_wconf 77' lang='lat' dir='ltr'><strong>exhauri</strong></span> <span class='ocrx_word' id='word_1_432' title='bbox 733 2686 767 2707; x_wconf 92' lang='lat' dir='ltr'><strong>m</strong></span> <span class='ocrx_word' id='word_1_433' title='bbox 779 2686 801 2706; x_wconf 87' lang='lat' dir='ltr'><em>a</em></span> <span class='ocrx_word' id='word_1_434' title='bbox 811 2673 878 2706; x_wconf 88' lang='lat' dir='ltr'><strong>li-</strong></span> 
     </span>
     <span class='ocr_line' id='line_1_53' title="bbox 183 2718 876 2798; baseline -0.003 -45"><span class='ocrx_word' id='word_1_435' title='bbox 183 2733 215 2798; x_wconf 53' lang='lat'><strong>‘⁷5⁸</strong></span> <span class='ocrx_word' id='word_1_436' title='bbox 225 2733 247 2753; x_wconf 93' lang='grc' dir='ltr'><strong>ιι</strong></span> <span class='ocrx_word' id='word_1_437' title='bbox 258 2733 276 2753; x_wconf 79' lang='lat' dir='ltr'><strong>s</strong></span> <span class='ocrx_word' id='word_1_438' title='bbox 286 2721 416 2798; x_wconf 55' lang='grc' dir='ltr'><strong>ὢοιὲιιε</strong></span> <span class='ocrx_word' id='word_1_439' title='bbox 438 2719 607 2772; x_wconf 53' lang='lat' dir='ltr'><strong>utuobis.</strong></span> <span class='ocrx_word' id='word_1_440' title='bbox 655 2719 807 2765; x_wconf 77' lang='grc' dir='ltr'><strong>Ζβικοπχ</strong></span> <span class='ocrx_word' id='word_1_441' title='bbox 818 2718 876 2752; x_wconf 82' lang='grc' dir='ltr'><strong>Ρ2.</strong></span> 
     </span>
     <span class='ocr_line' id='line_1_54' title="bbox 182 2778 535 2800; baseline 0.006 -2"><span class='ocrx_word' id='word_1_442' title='bbox 182 2785 192 2798; x_wconf 78' lang='grc' dir='ltr'><strong>ι</strong></span> <span class='ocrx_word' id='word_1_443' title='bbox 204 2792 212 2799; x_wconf 82' lang='grc'><strong>.</strong></span> <span class='ocrx_word' id='word_1_444' title='bbox 226 2781 271 2794; x_wconf 86' lang='lat'><strong>=</strong></span> <span class='ocrx_word' id='word_1_445' title='bbox 387 2778 411 2799; x_wconf 73' lang='lat' dir='ltr'><strong><em>a</em></strong></span> <span class='ocrx_word' id='word_1_446' title='bbox 421 2778 442 2799; x_wconf 67' lang='lat' dir='ltr'><strong>ll</strong></span> <span class='ocrx_word' id='word_1_447' title='bbox 453 2779 535 2800; x_wconf 71' lang='lat'><em>7171-</em></span> 
     </span>
    </p>

    <p class='ocr_par' dir='ltr' id='par_1_14' title="bbox 226 2809 879 2856">
     <span class='ocr_line' id='line_1_55' title="bbox 226 2809 879 2856; baseline -0.005 -11"><span class='ocrx_word' id='word_1_448' title='bbox 226 2809 280 2845; x_wconf 73' lang='lat'><strong>27.</strong></span> <span class='ocrx_word' id='word_1_449' title='bbox 318 2812 392 2847; x_wconf 67' lang='grc' dir='ltr'><strong>στῦἶ</strong></span> <span class='ocrx_word' id='word_1_450' title='bbox 414 2829 459 2837; x_wconf 90' lang='lat'><strong>—-</strong></span> <span class='ocrx_word' id='word_1_451' title='bbox 471 2813 502 2846; x_wconf 65' lang='grc' dir='ltr'><em>Ξ</em></span> <span class='ocrx_word' id='word_1_452' title='bbox 513 2830 555 2836; x_wconf 92' lang='lat'><em>-</em></span> <span class='ocrx_word' id='word_1_453' title='bbox 577 2813 693 2853; x_wconf 83' lang='lat' dir='ltr'><strong>Quare</strong></span> <span class='ocrx_word' id='word_1_454' title='bbox 720 2809 851 2856; x_wconf 81' lang='lat' dir='ltr'><strong>optima</strong></span> <span class='ocrx_word' id='word_1_455' title='bbox 862 2809 879 2843; x_wconf 72' lang='grc' dir='ltr'><em>Ρ</em></span> 
     </span>
    </p>
   </div>
   <div class='ocr_carea' id='block_1_10' title="bbox 922 2312 1620 2845">
    <p class='ocr_par' dir='ltr' id='par_1_15' title="bbox 925 2312 1244 2346">
     <span class='ocr_line' id='line_1_56' title="bbox 925 2312 1244 2346; baseline -0.006 0"><span class='ocrx_word' id='word_1_456' title='bbox 925 2325 944 2346; x_wconf 77' lang='lat' dir='ltr'><strong>s</strong></span> <span class='ocrx_word' id='word_1_457' title='bbox 955 2326 966 2345; x_wconf 89' lang='lat'><em>1</em></span> <span class='ocrx_word' id='word_1_458' title='bbox 977 2325 1054 2346; x_wconf 77' lang='lat' dir='ltr'><strong>mus</strong></span> <span class='ocrx_word' id='word_1_459' title='bbox 1077 2312 1244 2344; x_wconf 76' lang='lat' dir='ltr'><strong>retinere.</strong></span> 
     </span>
    </p>

    <p class='ocr_par' dir='ltr' id='par_1_16' title="bbox 924 2355 1620 2481">
     <span class='ocr_line' id='line_1_57' title="bbox 969 2355 1619 2402; baseline 0.002 -13"><span class='ocrx_word' id='word_1_460' title='bbox 969 2356 1026 2390; x_wconf 83' lang='lat'><strong>28.</strong></span> <span class='ocrx_word' id='word_1_461' title='bbox 1060 2357 1086 2389; x_wconf 89' lang='grc' dir='ltr'>Ρ</span> <span class='ocrx_word' id='word_1_462' title='bbox 1095 2355 1127 2389; x_wconf 82' lang='lat'><strong>2.</strong></span> <span class='ocrx_word' id='word_1_463' title='bbox 1152 2372 1199 2385; x_wconf 91' lang='lat'><strong><em>=</em></strong></span> <span class='ocrx_word' id='word_1_464' title='bbox 1222 2356 1414 2402; x_wconf 80' lang='lat' dir='ltr'><strong>redigatur</strong></span> <span class='ocrx_word' id='word_1_465' title='bbox 1456 2356 1496 2389; x_wconf 88' lang='lat' dir='ltr'><strong>in</strong></span> <span class='ocrx_word' id='word_1_466' title='bbox 1537 2368 1590 2390; x_wconf 75' lang='lat' dir='ltr'><strong>ve</strong></span> <span class='ocrx_word' id='word_1_467' title='bbox 1599 2374 1619 2383; x_wconf 84' lang='lat'><em>-</em></span> 
     </span>
     <span class='ocr_line' id='line_1_58' title="bbox 924 2402 1620 2448; baseline -0.003 -12"><span class='ocrx_word' id='word_1_468' title='bbox 924 2416 943 2436; x_wconf 78' lang='lat' dir='ltr'><strong>s</strong></span> <span class='ocrx_word' id='word_1_469' title='bbox 953 2411 967 2436; x_wconf 79' lang='grc' dir='ltr'><strong>ι</strong></span> <span class='ocrx_word' id='word_1_470' title='bbox 977 2415 996 2435; x_wconf 88' lang='lat' dir='ltr'><strong>r</strong></span> <span class='ocrx_word' id='word_1_471' title='bbox 1008 2414 1031 2435; x_wconf 90' lang='lat' dir='ltr'><strong>u</strong></span> <span class='ocrx_word' id='word_1_472' title='bbox 1041 2414 1087 2435; x_wconf 90' lang='lat' dir='ltr'><strong>m.</strong></span> <span class='ocrx_word' id='word_1_473' title='bbox 1135 2403 1231 2434; x_wconf 87' lang='lat' dir='ltr'><strong>Grut.</strong></span> <span class='ocrx_word' id='word_1_474' title='bbox 1255 2402 1296 2435; x_wconf 89' lang='lat' dir='ltr'><strong>ci.</strong></span> <span class='ocrx_word' id='word_1_475' title='bbox 1310 2417 1354 2430; x_wconf 94' lang='lat'>=</span> <span class='ocrx_word' id='word_1_476' title='bbox 1367 2402 1558 2448; x_wconf 84' lang='lat' dir='ltr'><strong>redigatur</strong></span> <span class='ocrx_word' id='word_1_477' title='bbox 1581 2402 1620 2435; x_wconf 88' lang='lat' dir='ltr'><strong>in</strong></span> 
     </span>
     <span class='ocr_line' id='line_1_59' title="bbox 925 2459 1169 2481; baseline 0 -1"><span class='ocrx_word' id='word_1_478' title='bbox 925 2460 948 2480; x_wconf 85' lang='grc' dir='ltr'><strong>η</strong></span> <span class='ocrx_word' id='word_1_479' title='bbox 958 2460 981 2480; x_wconf 85' lang='grc' dir='ltr'><strong>ιι</strong></span> <span class='ocrx_word' id='word_1_480' title='bbox 991 2460 1026 2480; x_wconf 90' lang='lat' dir='ltr'><strong>m</strong></span> <span class='ocrx_word' id='word_1_481' title='bbox 1035 2461 1053 2481; x_wconf 85' lang='lat' dir='ltr'><strong>e</strong></span> <span class='ocrx_word' id='word_1_482' title='bbox 1063 2460 1082 2480; x_wconf 90' lang='lat' dir='ltr'><strong>r</strong></span> <span class='ocrx_word' id='word_1_483' title='bbox 1093 2459 1116 2480; x_wconf 88' lang='lat' dir='ltr'><strong>u</strong></span> <span class='ocrx_word' id='word_1_484' title='bbox 1124 2460 1169 2480; x_wconf 88' lang='lat' dir='ltr'><strong>m.</strong></span> 
     </span>
    </p>

    <p class='ocr_par' dir='ltr' id='par_1_17' title="bbox 922 2491 1616 2845">
     <span class='ocr_line' id='line_1_60' title="bbox 971 2491 1570 2538; baseline -0.003 -12"><span class='ocrx_word' id='word_1_485' title='bbox 971 2495 1040 2526; x_wconf 83' lang='lat' dir='ltr'><strong>Ha</strong></span> <span class='ocrx_word' id='word_1_486' title='bbox 1049 2506 1068 2526; x_wconf 88' lang='lat' dir='ltr'><strong>e</strong></span> <span class='ocrx_word' id='word_1_487' title='bbox 1077 2505 1097 2525; x_wconf 83' lang='lat' dir='ltr'><strong>c</strong></span> <span class='ocrx_word' id='word_1_488' title='bbox 1120 2504 1189 2525; x_wconf 86' lang='lat' dir='ltr'><strong>non</strong></span> <span class='ocrx_word' id='word_1_489' title='bbox 1216 2493 1353 2538; x_wconf 73' lang='lat' dir='ltr'><strong>cogitat</strong></span> <span class='ocrx_word' id='word_1_490' title='bbox 1371 2492 1434 2525; x_wconf 79' lang='lat' dir='ltr'><strong>ille</strong></span> <span class='ocrx_word' id='word_1_491' title='bbox 1443 2507 1489 2520; x_wconf 94' lang='lat'>=</span> <span class='ocrx_word' id='word_1_492' title='bbox 1499 2491 1570 2524; x_wconf 87' lang='lat' dir='ltr'><strong>BG.</strong></span> 
     </span>
     <span class='ocr_line' id='line_1_61' title="bbox 923 2536 1615 2583; baseline -0.001 -13"><span class='ocrx_word' id='word_1_493' title='bbox 923 2538 1018 2574; x_wconf 69' lang='lat' dir='ltr'><strong>msffi</strong></span> <span class='ocrx_word' id='word_1_494' title='bbox 1027 2557 1070 2563; x_wconf 87' lang='lat'><strong>—-</strong></span> <span class='ocrx_word' id='word_1_495' title='bbox 1081 2540 1114 2575; x_wconf 59' lang='grc' dir='ltr'>ἕ</span> <span class='ocrx_word' id='word_1_496' title='bbox 1126 2553 1173 2567; x_wconf 92' lang='lat'>=</span> <span class='ocrx_word' id='word_1_497' title='bbox 1186 2540 1226 2571; x_wconf 91' lang='lat' dir='ltr'><em>H</em></span> <span class='ocrx_word' id='word_1_498' title='bbox 1234 2543 1286 2570; x_wconf 81' lang='lat' dir='ltr'><strong>oc&#39;</strong></span> <span class='ocrx_word' id='word_1_499' title='bbox 1302 2549 1372 2570; x_wconf 81' lang='lat' dir='ltr'><strong>nvn</strong></span> <span class='ocrx_word' id='word_1_500' title='bbox 1393 2538 1528 2583; x_wconf 77' lang='lat' dir='ltr'><strong>cogitat</strong></span> <span class='ocrx_word' id='word_1_501' title='bbox 1543 2536 1615 2570; x_wconf 80' lang='lat' dir='ltr'><strong>ille.</strong></span> 
     </span>
     <span class='ocr_line' id='line_1_62' title="bbox 922 2583 1616 2630; baseline 0 -14"><span class='ocrx_word' id='word_1_502' title='bbox 922 2585 949 2615; x_wconf 91' lang='lat' dir='ltr'>B</span> <span class='ocrx_word' id='word_1_503' title='bbox 969 2599 1015 2612; x_wconf 91' lang='lat'><strong><em>=</em></strong></span> <span class='ocrx_word' id='word_1_504' title='bbox 1032 2584 1095 2629; x_wconf 88' lang='lat' dir='ltr'><strong>qui</strong></span> <span class='ocrx_word' id='word_1_505' title='bbox 1119 2595 1282 2630; x_wconf 84' lang='lat' dir='ltr'><strong>gramma</strong></span> <span class='ocrx_word' id='word_1_506' title='bbox 1293 2591 1307 2615; x_wconf 75' lang='lat' dir='ltr'><em>t</em></span> <span class='ocrx_word' id='word_1_507' title='bbox 1318 2583 1333 2615; x_wconf 91' lang='lat' dir='ltr'><strong>i</strong></span> <span class='ocrx_word' id='word_1_508' title='bbox 1355 2583 1479 2616; x_wconf 71' lang='lat' dir='ltr'><strong>oculis.</strong></span> <span class='ocrx_word' id='word_1_509' title='bbox 1525 2583 1616 2627; x_wconf 82' lang='grc' dir='ltr'>βγδπ</span> 
     </span>
     <span class='ocr_line' id='line_1_63' title="bbox 924 2627 1616 2672; baseline -0.004 -11"><span class='ocrx_word' id='word_1_510' title='bbox 924 2640 974 2663; x_wconf 79' lang='lat' dir='ltr'><strong>ex.</strong></span> <span class='ocrx_word' id='word_1_511' title='bbox 996 2628 1162 2662; x_wconf 85' lang='lat' dir='ltr'><strong>Francisc.</strong></span> <span class='ocrx_word' id='word_1_512' title='bbox 1183 2627 1243 2661; x_wconf 72' lang='lat'><strong>1²2.</strong></span> <span class='ocrx_word' id='word_1_513' title='bbox 1271 2628 1332 2663; x_wconf 62' lang='lat'><strong>(565</strong></span> <span class='ocrx_word' id='word_1_514' title='bbox 1350 2643 1394 2655; x_wconf 93' lang='lat'><strong><em>=</em></strong></span> <span class='ocrx_word' id='word_1_515' title='bbox 1409 2629 1471 2672; x_wconf 85' lang='lat' dir='ltr'><strong>qui</strong></span> <span class='ocrx_word' id='word_1_516' title='bbox 1489 2638 1616 2672; x_wconf 79' lang='lat' dir='ltr'><strong>gram-</strong></span> 
     </span>
     <span class='ocr_line' id='line_1_64' title="bbox 924 2673 1615 2718; baseline -0.006 -12"><span class='ocrx_word' id='word_1_517' title='bbox 924 2675 1054 2708; x_wconf 72' lang='lat' dir='ltr'><strong>matici</strong></span> <span class='ocrx_word' id='word_1_518' title='bbox 1066 2687 1085 2707; x_wconf 78' lang='lat' dir='ltr'><strong>s</strong></span> <span class='ocrx_word' id='word_1_519' title='bbox 1107 2674 1229 2707; x_wconf 76' lang='lat' dir='ltr'><strong>oculis.</strong></span> <span class='ocrx_word' id='word_1_520' title='bbox 1277 2684 1295 2716; x_wconf 88' lang='grc' dir='ltr'>ρ</span> <span class='ocrx_word' id='word_1_521' title='bbox 1307 2688 1352 2701; x_wconf 93' lang='lat'>=</span> <span class='ocrx_word' id='word_1_522' title='bbox 1364 2673 1425 2718; x_wconf 81' lang='lat' dir='ltr'><strong>qui</strong></span> <span class='ocrx_word' id='word_1_523' title='bbox 1440 2680 1455 2704; x_wconf 73' lang='grc' dir='ltr'><strong><em>ε</em></strong></span> <span class='ocrx_word' id='word_1_524' title='bbox 1464 2684 1482 2704; x_wconf 95' lang='lat' dir='ltr'><strong>r</strong></span> <span class='ocrx_word' id='word_1_525' title='bbox 1492 2683 1515 2704; x_wconf 82' lang='lat' dir='ltr'><strong><em>a</em></strong></span> <span class='ocrx_word' id='word_1_526' title='bbox 1526 2683 1560 2703; x_wconf 90' lang='lat' dir='ltr'><strong>m</strong></span> <span class='ocrx_word' id='word_1_527' title='bbox 1571 2682 1615 2703; x_wconf 85' lang='lat' dir='ltr'><strong>a-</strong></span> 
     </span>
     <span class='ocr_line' id='line_1_65' title="bbox 923 2717 1616 2764; baseline -0.006 -12"><span class='ocrx_word' id='word_1_528' title='bbox 923 2728 937 2753; x_wconf 77' lang='lat' dir='ltr'><em>t</em></span> <span class='ocrx_word' id='word_1_529' title='bbox 949 2720 963 2752; x_wconf 85' lang='lat' dir='ltr'><strong>i</strong></span> <span class='ocrx_word' id='word_1_530' title='bbox 973 2731 991 2752; x_wconf 81' lang='lat' dir='ltr'><em>S</em></span> <span class='ocrx_word' id='word_1_531' title='bbox 1026 2719 1148 2753; x_wconf 76' lang='lat' dir='ltr'><strong>oculis.</strong></span> <span class='ocrx_word' id='word_1_532' title='bbox 1193 2730 1217 2761; x_wconf 82' lang='grc' dir='ltr'>η</span> <span class='ocrx_word' id='word_1_533' title='bbox 1241 2722 1286 2747; x_wconf 81' lang='lat'>=</span> <span class='ocrx_word' id='word_1_534' title='bbox 1304 2719 1369 2764; x_wconf 82' lang='lat' dir='ltr'><strong>qui</strong></span> <span class='ocrx_word' id='word_1_535' title='bbox 1400 2717 1616 2762; x_wconf 81' lang='lat' dir='ltr'><strong>grammati-</strong></span> 
     </span>
     <span class='ocr_line' id='line_1_66' title="bbox 923 2762 1616 2808; baseline -0.004 -11"><span class='ocrx_word' id='word_1_536' title='bbox 923 2777 972 2797; x_wconf 87' lang='lat' dir='ltr'><strong>cu</strong></span> <span class='ocrx_word' id='word_1_537' title='bbox 985 2776 1018 2796; x_wconf 91' lang='lat' dir='ltr'><strong>m</strong></span> <span class='ocrx_word' id='word_1_538' title='bbox 1041 2765 1161 2798; x_wconf 77' lang='lat' dir='ltr'><strong>oculis.</strong></span> <span class='ocrx_word' id='word_1_539' title='bbox 1209 2765 1234 2796; x_wconf 88' lang='lat' dir='ltr'>B</span> <span class='ocrx_word' id='word_1_540' title='bbox 1248 2763 1347 2808; x_wconf 67' lang='lat' dir='ltr'><strong>(sm.)</strong></span> <span class='ocrx_word' id='word_1_541' title='bbox 1361 2777 1406 2791; x_wconf 89' lang='lat'>=</span> <span class='ocrx_word' id='word_1_542' title='bbox 1418 2773 1560 2795; x_wconf 81' lang='lat' dir='ltr'><strong>carmen</strong></span> <span class='ocrx_word' id='word_1_543' title='bbox 1582 2762 1616 2794; x_wconf 86' lang='lat' dir='ltr'><strong>i-</strong></span> 
     </span>
     <span class='ocr_line' id='line_1_67' title="bbox 926 2818 1029 2845; baseline 0.01 -1"><span class='ocrx_word' id='word_1_544' title='bbox 926 2818 957 2844; x_wconf 81' lang='lat' dir='ltr'><strong>st</strong></span> <span class='ocrx_word' id='word_1_545' title='bbox 968 2822 990 2843; x_wconf 90' lang='lat' dir='ltr'><strong>u</strong></span> <span class='ocrx_word' id='word_1_546' title='bbox 1000 2822 1029 2845; x_wconf 90' lang='lat' dir='ltr'><strong>c.</strong></span> 
     </span>
    </p>
   </div>
  </div>
 </body>
</html>
