1676 3106
516 872 1103 930 PRAEFATIO.

199 1196 282 1239 Iam
305 1197 347 1238 iu
368 1196 561 1252 publicum
584 1195 718 1237 emitto
743 1196 907 1251 primum
929 1194 1114 1237 volumen
1135 1193 1318 1235 editionis
1340 1192 1522 1235 Senecae

89 1283 180 1318 ante
202 1275 412 1317 triennium
432 1275 515 1315 sere
538 1274 782 1329 promissae:
816 1288 929 1328 quam
951 1273 1143 1328 quomodo
1166 1278 1428 1327 comparatam
1451 1286 1522 1314 vo-

89 1353 254 1406 luerim,
286 1367 373 1393 cum
395 1352 567 1406 pluribus
591 1352 825 1392 describitur
843 1352 883 1392 in
901 1350 1199 1405 prolegomenis
1218 1351 1316 1391 meis
1342 1349 1522 1405 (Lipsiae

92 1429 361 1486 1858)*
387 1429 520 1484 paucis
547 1429 609 1469 hic
639 1429 871 1470 adumbrare
898 1428 1007 1470 libet.
1070 1426 1170 1470 Cum
1202 1428 1304 1468 enim
1335 1427 1522 1468 vidissem

89 1508 131 1549 in
165 1513 276 1548 tanti
298 1507 484 1548 librorum
517 1514 706 1548 mstorum
730 1507 842 1562 copia
870 1504 1050 1548 Senecae
1087 1519 1207 1561 opera
1236 1519 1371 1560 pamm
1397 1505 1523 1546 adhuc

90 1585 295 1627 emendata
315 1585 410 1626 ferri
427 1585 612 1639 virosque
636 1584 828 1634 maiorum
849 1590 978 1626 aetate
997 1585 1133 1625 doctos
1156 1584 1338 1638 (quorum
1358 1583 1521 1637 gloriam

90 1676 164 1717 ego
186 1663 362 1718 profecto
391 1677 471 1703 non
505 1676 591 1703 sum
625 1662 690 1717 qui
710 1662 940 1715 detractem)
964 1661 1086 1703 satius
1115 1675 1236 1716 saepe
1256 1661 1420 1703 duxisse
1452 1675 1523 1702 sua

90 1739 271 1782 Senecae
297 1747 518 1781 commenta
540 1740 725 1795 ingerere
745 1754 858 1794 quam
880 1753 997 1782 veras
1027 1740 1242 1795 scripturas
1274 1753 1329 1780 ex
1353 1738 1522 1793 antiquis

90 1818 201 1859 libris
230 1824 434 1873 repetere:
472 1818 577 1859 illius
610 1818 756 1873 scripta
787 1818 837 1858 ad
866 1818 1022 1859 codices
1050 1825 1130 1859 tam
1160 1818 1375 1873 impressos
1407 1831 1521 1872 quam

90 1902 214 1936 mstos
245 1895 303 1936 ita
329 1909 539 1936 recensere
565 1895 739 1946 institui,
771 1902 814 1935 ut
836 1885 1127 1949 antiquissim'os
1158 1902 1199 1936 et
1228 1895 1523 1949 probatissimos

92 1972 204 2025 qnasi
235 1973 355 2012 duces
386 1985 575 2023 sequerer
603 1985 699 2020 nec,
740 1971 817 2011 nisi
848 1972 1114 2010 necessarium
1144 1972 1275 2011 visum
1308 1978 1443 2022 esset,
1475 1972 1522 2011 ad

92 2047 309 2088 deteriores
337 2046 600 2086 deflecterem.
652 2046 693 2087 hi
723 2046 881 2087 omnino
909 2046 1132 2101 negligendi
1160 2061 1241 2088 non
1264 2055 1399 2089 erant:
1431 2062 1523 2089 nam

91 2123 295 2178 aliquando
315 2123 523 2177 genuinam
544 2123 775 2178 scripturam
796 2124 989 2174 referunt,
1021 2124 1108 2166 sive
1131 2125 1297 2179 quodam
1321 2139 1416 2166 casu
1438 2139 1523 2167 ser-

36 2198 40 2202 ’
92 2207 236 2252 vatam,
266 2201 351 2243 sive
374 2201 479 2242 felici
503 2201 739 2243 divinatione
755 2201 990 2242 restitutam.
1036 2201 1147 2243 Raro
1168 2203 1218 2243 ad
1240 2203 1406 2244 aliorum
1429 2218 1523 2245 con-

91 2278 259 2319 iecturas
282 2278 462 2333 confugi,
492 2278 619 2320 rarius
640 2279 756 2320 etiam
779 2292 886 2320 meas
907 2279 1055 2334 recepi.
1113 2278 1254 2335 Itaque
1277 2282 1422 2323 factum
1444 2289 1522 2333 est,

93 2361 137 2395 ut
166 2367 284 2410 saepe
310 2356 541 2411 scripturam
578 2357 882 2410 elegantiorem,
925 2371 1039 2411 quam
1070 2366 1237 2409 vocant,
1276 2360 1521 2414 repudiarem

95 2444 174 2471 non
204 2431 407 2473 immemor
433 2434 603 2474 omnium
628 2434 829 2475 nationum
860 2434 1073 2490 scriptores
1107 2436 1173 2477 vel
1208 2436 1522 2491 elegantissimos

95 2507 299 2561 aliqnando
329 2508 456 2550 minus
491 2511 689 2565 eleganter
722 2511 953 2566 scripsisse,
997 2513 1084 2554 sive
1118 2527 1212 2554 casu
1242 2522 1520 2568 peccaverunt,

96 2583 183 2625 sive
202 2585 395 2626 consulto.
454 2585 560 2627 Idem
584 2588 625 2628 in
640 2587 833 2630 Senecam
850 2589 991 2630 cadere
1011 2597 1168 2645 praeter
1190 2597 1308 2631 totam
1326 2591 1412 2633 eius
1434 2606 1523 2633 ora-

96 2660 243 2702 tionem
266 2661 431 2717 probant
453 2662 481 2704 ii
509 2663 607 2714 loci,
637 2665 679 2705 in
703 2666 842 2720 quibus
868 2680 1055 2722 spernere
1078 2682 1124 2709 se
1142 2669 1376 2723 elegantiam
1400 2676 1441 2710 et
1463 2670 1522 2710 ni-

98 2744 220 2779 torem
245 2738 329 2793 ipse
349 2741 551 2795 profitetur
578 2740 747 2798 (cf.E1›.
772 2750 850 2795 75,
882 2750 918 2786 ι.
952 2751 1056 2797 115,
1084 2751 1123 2787 1.
1145 2746 1236 2798 aL).
1297 2729 1537 2801 Scripturas
