<?xml version="1.0" encoding="UTF-8"?>
<!DOCTYPE html PUBLIC "-//W3C//DTD XHTML 1.0 Transitional//EN"
    "http://www.w3.org/TR/xhtml1/DTD/xhtml1-transitional.dtd">
<html xmlns="http://www.w3.org/1999/xhtml" xml:lang="en" lang="en">
 <head>
  <title>
</title>
<meta http-equiv="Content-Type" content="text/html;charset=utf-8" />
  <meta name='ocr-system' content='tesseract 3.04.00' />
  <meta name='ocr-capabilities' content='ocr_page ocr_carea ocr_par ocr_line ocrx_word'/>
</head>
<body>
  <div class='ocr_page' id='page_1' title='image "./operasene01seneuoft_0090.png"; bbox 0 0 1742 3094; ppageno 0'>
   <div class='ocr_carea' id='block_1_1' title="bbox 188 230 1172 276">
    <p class='ocr_par' dir='ltr' id='par_1_1' title="bbox 188 230 1172 276">
     <span class='ocr_line' id='line_1_1' title="bbox 188 230 1172 276; baseline -0.001 -6"><span class='ocrx_word' id='word_1_1' title='bbox 188 235 244 276; x_wconf 84' lang='grc'>50</span> <span class='ocrx_word' id='word_1_2' title='bbox 640 231 682 270; x_wconf 90' lang='lat' dir='ltr'>L.</span> <span class='ocrx_word' id='word_1_3' title='bbox 714 230 910 270; x_wconf 81' lang='lat' dir='ltr'>ANNAEI</span> <span class='ocrx_word' id='word_1_4' title='bbox 943 230 1172 270; x_wconf 85' lang='lat' dir='ltr'>SENECAE</span> 
     </span>
    </p>
   </div>
   <div class='ocr_carea' id='block_1_2' title="bbox 160 341 1646 1881">
    <p class='ocr_par' dir='ltr' id='par_1_2' title="bbox 160 341 1641 803">
     <span class='ocr_line' id='line_1_2' title="bbox 160 341 1635 399; baseline -0.001 -13"><span class='ocrx_word' id='word_1_5' title='bbox 160 358 177 386; x_wconf 77' lang='grc' dir='ltr'>ῦ</span> <span class='ocrx_word' id='word_1_6' title='bbox 195 345 262 387; x_wconf 90' lang='lat' dir='ltr'>sed</span> <span class='ocrx_word' id='word_1_7' title='bbox 287 344 377 399; x_wconf 87' lang='lat' dir='ltr'>quid</span> <span class='ocrx_word' id='word_1_8' title='bbox 409 343 580 394; x_wconf 87' lang='lat' dir='ltr'>sentias,</span> <span class='ocrx_word' id='word_1_9' title='bbox 628 343 778 398; x_wconf 84' lang='lat' dir='ltr'>cogites</span> <span class='ocrx_word' id='word_1_10' title='bbox 810 350 850 384; x_wconf 88' lang='lat' dir='ltr'>et</span> <span class='ocrx_word' id='word_1_11' title='bbox 879 358 966 384; x_wconf 88' lang='lat' dir='ltr'>cum</span> <span class='ocrx_word' id='word_1_12' title='bbox 991 342 1177 398; x_wconf 87' lang='lat' dir='ltr'>patientia</span> <span class='ocrx_word' id='word_1_13' title='bbox 1207 350 1273 383; x_wconf 86' lang='lat' dir='ltr'>tua</span> <span class='ocrx_word' id='word_1_14' title='bbox 1303 341 1495 383; x_wconf 82' lang='lat' dir='ltr'>deliberes</span> <span class='ocrx_word' id='word_1_15' title='bbox 1525 356 1571 383; x_wconf 85' lang='lat' dir='ltr'>ae</span> <span class='ocrx_word' id='word_1_16' title='bbox 1597 349 1635 384; x_wconf 87' lang='lat' dir='ltr'>te</span> 
     </span>
     <span class='ocr_line' id='line_1_3' title="bbox 194 409 1636 468; baseline -0.002 -14"><span class='ocrx_word' id='word_1_17' title='bbox 194 413 277 468; x_wconf 84' lang='lat' dir='ltr'>ipse</span> <span class='ocrx_word' id='word_1_18' title='bbox 303 412 525 465; x_wconf 84' lang='lat' dir='ltr'>interroges</span> <span class='ocrx_word' id='word_1_19' title='bbox 545 443 555 461; x_wconf 89' lang='lat'>,</span> <span class='ocrx_word' id='word_1_20' title='bbox 600 412 664 465; x_wconf 86' lang='lat' dir='ltr'>qui</span> <span class='ocrx_word' id='word_1_21' title='bbox 693 418 759 452; x_wconf 88' lang='lat' dir='ltr'>tua</span> <span class='ocrx_word' id='word_1_22' title='bbox 789 411 932 466; x_wconf 80' lang='lat' dir='ltr'>optime</span> <span class='ocrx_word' id='word_1_23' title='bbox 960 410 1085 452; x_wconf 84' lang='lat' dir='ltr'>nosti:</span> <span class='ocrx_word' id='word_1_24' title='bbox 1127 410 1217 464; x_wconf 84' lang='lat' dir='ltr'>quid</span> <span class='ocrx_word' id='word_1_25' title='bbox 1245 417 1307 450; x_wconf 83' lang='lat' dir='ltr'>est</span> <span class='ocrx_word' id='word_1_26' title='bbox 1330 423 1451 465; x_wconf 85' lang='lat' dir='ltr'>quare</span> <span class='ocrx_word' id='word_1_27' title='bbox 1483 409 1548 451; x_wconf 82' lang='lat' dir='ltr'>isti</span> <span class='ocrx_word' id='word_1_28' title='bbox 1573 423 1636 451; x_wconf 87' lang='lat' dir='ltr'>me</span> 
     </span>
     <span class='ocr_line' id='line_1_4' title="bbox 196 478 1638 536; baseline -0.002 -15"><span class='ocrx_word' id='word_1_29' title='bbox 196 480 456 535; x_wconf 83' lang='lat' dir='ltr'>conplorent?</span> <span class='ocrx_word' id='word_1_30' title='bbox 498 479 587 534; x_wconf 94' lang='lat' dir='ltr'>quid</span> <span class='ocrx_word' id='word_1_31' title='bbox 617 485 678 519; x_wconf 82' lang='lat' dir='ltr'>est</span> <span class='ocrx_word' id='word_1_32' title='bbox 712 479 815 533; x_wconf 91' lang='lat' dir='ltr'>quod</span> <span class='ocrx_word' id='word_1_33' title='bbox 842 478 1062 536; x_wconf 79' lang='lat' dir='ltr'>trepident,</span> <span class='ocrx_word' id='word_1_34' title='bbox 1104 478 1205 532; x_wconf 91' lang='lat' dir='ltr'>quod</span> <span class='ocrx_word' id='word_1_35' title='bbox 1234 478 1457 532; x_wconf 82' lang='lat' dir='ltr'><strong>contagium</strong></span> <span class='ocrx_word' id='word_1_36' title='bbox 1485 491 1638 533; x_wconf 84' lang='lat' dir='ltr'>quoque</span> 
     </span>
     <span class='ocr_line' id='line_1_5' title="bbox 196 544 1639 602; baseline -0.001 -14"><span class='ocrx_word' id='word_1_37' title='bbox 196 547 273 588; x_wconf 87' lang='lat' dir='ltr'>mei</span> <span class='ocrx_word' id='word_1_38' title='bbox 303 547 489 596; x_wconf 75' lang='lat' dir='ltr'>timeant,</span> <span class='ocrx_word' id='word_1_39' title='bbox 535 546 646 600; x_wconf 80' lang='lat' dir='ltr'>quasi</span> <span class='ocrx_word' id='word_1_40' title='bbox 678 547 895 587; x_wconf 86' lang='lat' dir='ltr'>transsilire</span> <span class='ocrx_word' id='word_1_41' title='bbox 934 546 1135 587; x_wconf 82' lang='lat' dir='ltr'>calamitas</span> <span class='ocrx_word' id='word_1_42' title='bbox 1173 546 1326 602; x_wconf 85' lang='lat' dir='ltr'><strong>possit?</strong></span> <span class='ocrx_word' id='word_1_43' title='bbox 1382 544 1459 586; x_wconf 89' lang='lat' dir='ltr'>Est</span> <span class='ocrx_word' id='word_1_44' title='bbox 1496 545 1639 600; x_wconf 87' lang='lat' dir='ltr'>aliquid</span> 
     </span>
     <span class='ocr_line' id='line_1_6' title="bbox 196 610 1640 668; baseline -0.001 -13"><span class='ocrx_word' id='word_1_45' title='bbox 196 615 283 655; x_wconf 90' lang='lat' dir='ltr'>istic</span> <span class='ocrx_word' id='word_1_46' title='bbox 309 614 427 654; x_wconf 83' lang='lat' dir='ltr'>mali?</span> <span class='ocrx_word' id='word_1_47' title='bbox 467 627 517 654; x_wconf 90' lang='lat' dir='ltr'>an</span> <span class='ocrx_word' id='word_1_48' title='bbox 541 627 606 654; x_wconf 86' lang='lat' dir='ltr'>res</span> <span class='ocrx_word' id='word_1_49' title='bbox 632 614 707 654; x_wconf 84' lang='lat' dir='ltr'>ista</span> <span class='ocrx_word' id='word_1_50' title='bbox 732 614 857 668; x_wconf 85' lang='lat' dir='ltr'>magis</span> <span class='ocrx_word' id='word_1_51' title='bbox 885 614 1042 655; x_wconf 82' lang='lat' dir='ltr'>infamis</span> <span class='ocrx_word' id='word_1_52' title='bbox 1073 620 1135 654; x_wconf 87' lang='lat' dir='ltr'>est</span> <span class='ocrx_word' id='word_1_53' title='bbox 1158 627 1273 668; x_wconf 92' lang='lat' dir='ltr'>quam</span> <span class='ocrx_word' id='word_1_54' title='bbox 1298 613 1429 654; x_wconf 85' lang='lat' dir='ltr'>mala?</span> <span class='ocrx_word' id='word_1_55' title='bbox 1483 610 1573 668; x_wconf 88' lang='lat' dir='ltr'>Ipse</span> <span class='ocrx_word' id='word_1_56' title='bbox 1600 619 1640 652; x_wconf 89' lang='lat' dir='ltr'>te</span> 
     </span>
     <span class='ocr_line' id='line_1_7' title="bbox 196 681 1639 736; baseline -0.002 -13"><span class='ocrx_word' id='word_1_57' title='bbox 196 682 419 736; x_wconf 87' lang='lat' dir='ltr'>interroga:</span> <span class='ocrx_word' id='word_1_58' title='bbox 463 681 647 735; x_wconf 90' lang='lat' dir='ltr'>numquid</span> <span class='ocrx_word' id='word_1_59' title='bbox 673 681 758 722; x_wconf 91' lang='lat' dir='ltr'>sine</span> <span class='ocrx_word' id='word_1_60' title='bbox 787 695 907 725; x_wconf 88' lang='lat' dir='ltr'>causa</span> <span class='ocrx_word' id='word_1_61' title='bbox 931 681 1088 725; x_wconf 82' lang='lat' dir='ltr'>crucior</span> <span class='ocrx_word' id='word_1_62' title='bbox 1115 688 1155 722; x_wconf 88' lang='lat' dir='ltr'>et</span> <span class='ocrx_word' id='word_1_63' title='bbox 1181 687 1408 722; x_wconf 87' lang='lat' dir='ltr'>moereoet</span> <span class='ocrx_word' id='word_1_64' title='bbox 1433 681 1535 736; x_wconf 91' lang='lat' dir='ltr'>quod</span> <span class='ocrx_word' id='word_1_65' title='bbox 1560 694 1639 720; x_wconf 93' lang='lat' dir='ltr'>non</span> 
     </span>
     <span class='ocr_line' id='line_1_8' title="bbox 198 747 1641 803; baseline -0.002 -13"><span class='ocrx_word' id='word_1_66' title='bbox 198 756 260 790; x_wconf 86' lang='lat' dir='ltr'>est</span> <span class='ocrx_word' id='word_1_67' title='bbox 295 749 439 790; x_wconf 87' lang='lat' dir='ltr'>malum</span> <span class='ocrx_word' id='word_1_68' title='bbox 472 749 604 789; x_wconf 83' lang='lat' dir='ltr'>facio?</span> <span class='ocrx_word' id='word_1_69' title='bbox 664 747 896 802; x_wconf 80' lang='lat' dir='ltr'><strong>Quomodo,</strong></span> <span class='ocrx_word' id='word_1_70' title='bbox 937 749 1089 803; x_wconf 87' lang='lat' dir='ltr'><strong>inquis,</strong></span> <span class='ocrx_word' id='word_1_71' title='bbox 1130 748 1380 803; x_wconf 76' lang='lat' dir='ltr'>intellegam,</span> <span class='ocrx_word' id='word_1_72' title='bbox 1424 761 1528 789; x_wconf 87' lang='lat' dir='ltr'>uana</span> <span class='ocrx_word' id='word_1_73' title='bbox 1562 747 1641 788; x_wconf 86' lang='lat' dir='ltr'>sint</span> 
     </span>
    </p>

    <p class='ocr_par' dir='ltr' id='par_1_3' title="bbox 165 814 1644 1274">
     <span class='ocr_line' id='line_1_9' title="bbox 165 814 1641 872; baseline -0.001 -16"><span class='ocrx_word' id='word_1_74' title='bbox 165 826 181 852; x_wconf 82' lang='lat'>7</span> <span class='ocrx_word' id='word_1_75' title='bbox 201 831 251 857; x_wconf 87' lang='lat' dir='ltr'>an</span> <span class='ocrx_word' id='word_1_76' title='bbox 275 829 371 857; x_wconf 89' lang='lat' dir='ltr'>uera</span> <span class='ocrx_word' id='word_1_77' title='bbox 401 815 540 870; x_wconf 91' lang='lat' dir='ltr'>quibus</span> <span class='ocrx_word' id='word_1_78' title='bbox 568 817 724 869; x_wconf 80' lang='lat' dir='ltr'>angor?</span> <span class='ocrx_word' id='word_1_79' title='bbox 773 815 922 872; x_wconf 82' lang='lat' dir='ltr'>Accipe</span> <span class='ocrx_word' id='word_1_80' title='bbox 942 816 1057 857; x_wconf 88' lang='lat' dir='ltr'>huius</span> <span class='ocrx_word' id='word_1_81' title='bbox 1090 815 1150 857; x_wconf 86' lang='lat' dir='ltr'>rei</span> <span class='ocrx_word' id='word_1_82' title='bbox 1174 816 1365 870; x_wconf 82' lang='lat' dir='ltr'>regulam.</span> <span class='ocrx_word' id='word_1_83' title='bbox 1426 814 1511 856; x_wconf 84' lang='lat' dir='ltr'>Aut</span> <span class='ocrx_word' id='word_1_84' title='bbox 1529 827 1641 870; x_wconf 89' lang='lat' dir='ltr'>prae-</span> 
     </span>
     <span class='ocr_line' id='line_1_10' title="bbox 198 881 1644 937; baseline -0.001 -14"><span class='ocrx_word' id='word_1_85' title='bbox 198 883 375 923; x_wconf 89' lang='lat' dir='ltr'>sentibus</span> <span class='ocrx_word' id='word_1_86' title='bbox 407 889 638 936; x_wconf 85' lang='lat' dir='ltr'><strong>torquemur</strong></span> <span class='ocrx_word' id='word_1_87' title='bbox 663 890 732 924; x_wconf 90' lang='lat' dir='ltr'>aut</span> <span class='ocrx_word' id='word_1_88' title='bbox 765 883 906 923; x_wconf 88' lang='lat' dir='ltr'>futuris</span> <span class='ocrx_word' id='word_1_89' title='bbox 935 890 1004 923; x_wconf 89' lang='lat' dir='ltr'>aut</span> <span class='ocrx_word' id='word_1_90' title='bbox 1030 882 1222 936; x_wconf 88' lang='lat' dir='ltr'>utrisque.</span> <span class='ocrx_word' id='word_1_91' title='bbox 1283 881 1345 923; x_wconf 90' lang='lat' dir='ltr'>De</span> <span class='ocrx_word' id='word_1_92' title='bbox 1372 881 1644 937; x_wconf 86' lang='lat' dir='ltr'>praesentibus</span> 
     </span>
     <span class='ocr_line' id='line_1_11' title="bbox 201 948 1642 1006; baseline 0 -16"><span class='ocrx_word' id='word_1_93' title='bbox 201 950 314 990; x_wconf 75' lang='lat' dir='ltr'>facile</span> <span class='ocrx_word' id='word_1_94' title='bbox 348 949 531 1006; x_wconf 83' lang='lat' dir='ltr'>iudicium</span> <span class='ocrx_word' id='word_1_95' title='bbox 562 958 638 990; x_wconf 85' lang='lat' dir='ltr'>est.</span> <span class='ocrx_word' id='word_1_96' title='bbox 710 948 756 991; x_wconf 89' lang='lat' dir='ltr'>Si</span> <span class='ocrx_word' id='word_1_97' title='bbox 782 964 924 1006; x_wconf 88' lang='lat' dir='ltr'>corpus</span> <span class='ocrx_word' id='word_1_98' title='bbox 954 957 1060 991; x_wconf 90' lang='lat' dir='ltr'>tuum</span> <span class='ocrx_word' id='word_1_99' title='bbox 1084 949 1248 990; x_wconf 87' lang='lat' dir='ltr'>liberum</span> <span class='ocrx_word' id='word_1_100' title='bbox 1275 957 1360 1001; x_wconf 86' lang='lat' dir='ltr'>est,</span> <span class='ocrx_word' id='word_1_101' title='bbox 1403 963 1542 991; x_wconf 89' lang='lat' dir='ltr'>sanum</span> <span class='ocrx_word' id='word_1_102' title='bbox 1566 956 1642 1000; x_wconf 83' lang='lat' dir='ltr'>est,</span> 
     </span>
     <span class='ocr_line' id='line_1_12' title="bbox 199 1016 1640 1072; baseline -0.001 -14"><span class='ocrx_word' id='word_1_103' title='bbox 199 1031 272 1058; x_wconf 90' lang='lat' dir='ltr'>nec</span> <span class='ocrx_word' id='word_1_104' title='bbox 303 1017 404 1057; x_wconf 82' lang='lat' dir='ltr'>ullus</span> <span class='ocrx_word' id='word_1_105' title='bbox 436 1030 487 1057; x_wconf 90' lang='lat' dir='ltr'>ex</span> <span class='ocrx_word' id='word_1_106' title='bbox 523 1017 667 1058; x_wconf 85' lang='lat' dir='ltr'>iniuria</span> <span class='ocrx_word' id='word_1_107' title='bbox 705 1018 818 1058; x_wconf 89' lang='lat' dir='ltr'>dolor</span> <span class='ocrx_word' id='word_1_108' title='bbox 851 1025 936 1058; x_wconf 88' lang='lat' dir='ltr'>est:</span> <span class='ocrx_word' id='word_1_109' title='bbox 981 1017 1199 1058; x_wconf 87' lang='lat' dir='ltr'>uidebimus</span> <span class='ocrx_word' id='word_1_110' title='bbox 1243 1017 1334 1072; x_wconf 90' lang='lat' dir='ltr'>quid</span> <span class='ocrx_word' id='word_1_111' title='bbox 1372 1018 1544 1058; x_wconf 81' lang='lat' dir='ltr'>futurum</span> <span class='ocrx_word' id='word_1_112' title='bbox 1574 1016 1640 1057; x_wconf 84' lang='lat' dir='ltr'>sit.</span> 
     </span>
     <span class='ocr_line' id='line_1_13' title="bbox 201 1082 1644 1138; baseline 0 -14"><span class='ocrx_word' id='word_1_113' title='bbox 201 1084 313 1124; x_wconf 90' lang='lat' dir='ltr'>hodie</span> <span class='ocrx_word' id='word_1_114' title='bbox 349 1083 443 1124; x_wconf 85' lang='lat' dir='ltr'>nihil</span> <span class='ocrx_word' id='word_1_115' title='bbox 479 1085 626 1138; x_wconf 86' lang='lat' dir='ltr'>negotii</span> <span class='ocrx_word' id='word_1_116' title='bbox 649 1085 780 1126; x_wconf 83' lang='lat' dir='ltr'>habet.</span> <span class='ocrx_word' id='word_1_117' title='bbox 841 1084 899 1125; x_wconf 87' lang='lat' dir='ltr'>At</span> <span class='ocrx_word' id='word_1_118' title='bbox 921 1085 1024 1125; x_wconf 87' lang='lat' dir='ltr'>enim</span> <span class='ocrx_word' id='word_1_119' title='bbox 1051 1085 1222 1125; x_wconf 86' lang='lat' dir='ltr'>futurum</span> <span class='ocrx_word' id='word_1_120' title='bbox 1251 1093 1326 1125; x_wconf 87' lang='lat' dir='ltr'>est.</span> <span class='ocrx_word' id='word_1_121' title='bbox 1385 1082 1561 1125; x_wconf 89' lang='lat' dir='ltr'>Primum</span> <span class='ocrx_word' id='word_1_122' title='bbox 1587 1083 1644 1123; x_wconf 88' lang='lat' dir='ltr'>di-</span> 
     </span>
     <span class='ocr_line' id='line_1_14' title="bbox 199 1151 1643 1207; baseline -0.001 -15"><span class='ocrx_word' id='word_1_123' title='bbox 199 1152 306 1206; x_wconf 81' lang='lat' dir='ltr'>spice</span> <span class='ocrx_word' id='word_1_124' title='bbox 337 1165 387 1191; x_wconf 87' lang='lat' dir='ltr'>an</span> <span class='ocrx_word' id='word_1_125' title='bbox 414 1158 524 1192; x_wconf 86' lang='lat' dir='ltr'>certa</span> <span class='ocrx_word' id='word_1_126' title='bbox 554 1159 786 1206; x_wconf 85' lang='lat' dir='ltr'>argumenta</span> <span class='ocrx_word' id='word_1_127' title='bbox 818 1152 898 1193; x_wconf 89' lang='lat' dir='ltr'>sint</span> <span class='ocrx_word' id='word_1_128' title='bbox 927 1152 1083 1193; x_wconf 90' lang='lat' dir='ltr'>uenturi</span> <span class='ocrx_word' id='word_1_129' title='bbox 1113 1152 1231 1192; x_wconf 88' lang='lat' dir='ltr'>mali:</span> <span class='ocrx_word' id='word_1_130' title='bbox 1278 1152 1506 1207; x_wconf 86' lang='lat' dir='ltr'>plerumque</span> <span class='ocrx_word' id='word_1_131' title='bbox 1541 1151 1643 1192; x_wconf 85' lang='lat' dir='ltr'>enim</span> 
     </span>
     <span class='ocr_line' id='line_1_15' title="bbox 201 1218 1643 1274; baseline 0.001 -16"><span class='ocrx_word' id='word_1_132' title='bbox 201 1218 489 1273; x_wconf 86' lang='lat' dir='ltr'>suspicionibus</span> <span class='ocrx_word' id='word_1_133' title='bbox 531 1219 778 1270; x_wconf 81' lang='lat' dir='ltr'>laboramus,</span> <span class='ocrx_word' id='word_1_134' title='bbox 823 1226 863 1260; x_wconf 88' lang='lat' dir='ltr'>et</span> <span class='ocrx_word' id='word_1_135' title='bbox 895 1219 1036 1260; x_wconf 81' lang='lat' dir='ltr'>inludit</span> <span class='ocrx_word' id='word_1_136' title='bbox 1064 1219 1178 1260; x_wconf 91' lang='lat' dir='ltr'>nobis</span> <span class='ocrx_word' id='word_1_137' title='bbox 1213 1219 1280 1260; x_wconf 85' lang='lat' dir='ltr'>illa</span> <span class='ocrx_word' id='word_1_138' title='bbox 1316 1234 1416 1274; x_wconf 88' lang='lat' dir='ltr'>quae</span> <span class='ocrx_word' id='word_1_139' title='bbox 1449 1219 1643 1260; x_wconf 83' lang='lat' dir='ltr'>conficere</span> 
     </span>
    </p>

    <p class='ocr_par' dir='ltr' id='par_1_4' title="bbox 165 1284 1646 1745">
     <span class='ocr_line' id='line_1_16' title="bbox 165 1284 1645 1342; baseline 0 -16"><span class='ocrx_word' id='word_1_140' title='bbox 165 1301 183 1326; x_wconf 77' lang='lat' dir='ltr'><strong>e</strong></span> <span class='ocrx_word' id='word_1_141' title='bbox 201 1286 344 1326; x_wconf 87' lang='lat' dir='ltr'>bellum</span> <span class='ocrx_word' id='word_1_142' title='bbox 382 1286 485 1326; x_wconf 86' lang='lat' dir='ltr'>solet</span> <span class='ocrx_word' id='word_1_143' title='bbox 514 1287 644 1337; x_wconf 83' lang='lat' dir='ltr'>sama,</span> <span class='ocrx_word' id='word_1_144' title='bbox 677 1287 798 1327; x_wconf 85' lang='lat' dir='ltr'>multo</span> <span class='ocrx_word' id='word_1_145' title='bbox 828 1293 959 1327; x_wconf 91' lang='lat' dir='ltr'>autem</span> <span class='ocrx_word' id='word_1_146' title='bbox 984 1287 1110 1340; x_wconf 88' lang='lat' dir='ltr'>magis</span> <span class='ocrx_word' id='word_1_147' title='bbox 1141 1286 1318 1342; x_wconf 87' lang='lat' dir='ltr'>singulos</span> <span class='ocrx_word' id='word_1_148' title='bbox 1345 1287 1516 1328; x_wconf 84' lang='lat' dir='ltr'>conficit.</span> <span class='ocrx_word' id='word_1_149' title='bbox 1583 1284 1645 1327; x_wconf 80' lang='lat' dir='ltr'>Ita</span> 
     </span>
     <span class='ocr_line' id='line_1_17' title="bbox 200 1351 1645 1409; baseline 0.001 -16"><span class='ocrx_word' id='word_1_150' title='bbox 200 1360 287 1404; x_wconf 83' lang='lat' dir='ltr'>est,</span> <span class='ocrx_word' id='word_1_151' title='bbox 321 1353 373 1394; x_wconf 91' lang='lat' dir='ltr'>mi</span> <span class='ocrx_word' id='word_1_152' title='bbox 399 1351 554 1393; x_wconf 86' lang='lat' dir='ltr'>Lucili:</span> <span class='ocrx_word' id='word_1_153' title='bbox 599 1353 676 1393; x_wconf 87' lang='lat' dir='ltr'>cito</span> <span class='ocrx_word' id='word_1_154' title='bbox 700 1354 922 1395; x_wconf 77' lang='lat' dir='ltr'>accedimus</span> <span class='ocrx_word' id='word_1_155' title='bbox 949 1353 1136 1408; x_wconf 90' lang='lat' dir='ltr'>opinioni.</span> <span class='ocrx_word' id='word_1_156' title='bbox 1201 1368 1281 1395; x_wconf 91' lang='lat' dir='ltr'>non</span> <span class='ocrx_word' id='word_1_157' title='bbox 1302 1354 1551 1409; x_wconf 79' lang='lat' dir='ltr'>coarguimus</span> <span class='ocrx_word' id='word_1_158' title='bbox 1579 1354 1645 1394; x_wconf 87' lang='lat' dir='ltr'>illa</span> 
     </span>
     <span class='ocr_line' id='line_1_18' title="bbox 200 1420 1646 1477; baseline 0.001 -17"><span class='ocrx_word' id='word_1_159' title='bbox 200 1434 299 1475; x_wconf 86' lang='lat' dir='ltr'>quae</span> <span class='ocrx_word' id='word_1_160' title='bbox 326 1434 399 1461; x_wconf 90' lang='lat' dir='ltr'>nos</span> <span class='ocrx_word' id='word_1_161' title='bbox 423 1420 464 1461; x_wconf 92' lang='lat' dir='ltr'>in</span> <span class='ocrx_word' id='word_1_162' title='bbox 486 1426 633 1462; x_wconf 79' lang='lat' dir='ltr'>metum</span> <span class='ocrx_word' id='word_1_163' title='bbox 659 1421 878 1471; x_wconf 86' lang='lat' dir='ltr'>adducunt,</span> <span class='ocrx_word' id='word_1_164' title='bbox 920 1434 993 1461; x_wconf 93' lang='lat' dir='ltr'>nec</span> <span class='ocrx_word' id='word_1_165' title='bbox 1018 1420 1266 1473; x_wconf 79' lang='lat' dir='ltr'>excutimus,</span> <span class='ocrx_word' id='word_1_166' title='bbox 1309 1421 1380 1463; x_wconf 89' lang='lat' dir='ltr'>sed</span> <span class='ocrx_word' id='word_1_167' title='bbox 1408 1421 1646 1477; x_wconf 78' lang='lat' dir='ltr'>trepidamus</span> 
     </span>
     <span class='ocr_line' id='line_1_19' title="bbox 200 1487 1646 1546; baseline 0.001 -18"><span class='ocrx_word' id='word_1_168' title='bbox 200 1495 240 1528; x_wconf 90' lang='lat' dir='ltr'>et</span> <span class='ocrx_word' id='word_1_169' title='bbox 269 1488 325 1528; x_wconf 92' lang='lat' dir='ltr'>sic</span> <span class='ocrx_word' id='word_1_170' title='bbox 360 1487 550 1529; x_wconf 87' lang='lat' dir='ltr'>uertimus</span> <span class='ocrx_word' id='word_1_171' title='bbox 583 1495 720 1542; x_wconf 85' lang='lat' dir='ltr'>terga,</span> <span class='ocrx_word' id='word_1_172' title='bbox 765 1489 1088 1546; x_wconf 81' lang='lat' dir='ltr'>quemadmodum</span> <span class='ocrx_word' id='word_1_173' title='bbox 1115 1489 1171 1529; x_wconf 91' lang='lat' dir='ltr'>illi</span> <span class='ocrx_word' id='word_1_174' title='bbox 1221 1503 1318 1543; x_wconf 93' lang='lat' dir='ltr'>quos</span> <span class='ocrx_word' id='word_1_175' title='bbox 1361 1489 1489 1544; x_wconf 90' lang='lat' dir='ltr'>puluis</span> <span class='ocrx_word' id='word_1_176' title='bbox 1517 1495 1646 1530; x_wconf 91' lang='lat' dir='ltr'>motus</span> 
     </span>
     <span class='ocr_line' id='line_1_20' title="bbox 202 1555 1645 1610; baseline 0.001 -15"><span class='ocrx_word' id='word_1_177' title='bbox 202 1556 293 1609; x_wconf 82' lang='lat' dir='ltr'>suga</span> <span class='ocrx_word' id='word_1_178' title='bbox 319 1569 504 1609; x_wconf 91' lang='lat' dir='ltr'>pecorum</span> <span class='ocrx_word' id='word_1_179' title='bbox 523 1555 635 1595; x_wconf 86' lang='lat' dir='ltr'>exuit</span> <span class='ocrx_word' id='word_1_180' title='bbox 659 1556 800 1596; x_wconf 88' lang='lat' dir='ltr'>castris</span> <span class='ocrx_word' id='word_1_181' title='bbox 815 1587 826 1606; x_wconf 89' lang='lat'>,</span> <span class='ocrx_word' id='word_1_182' title='bbox 859 1563 927 1596; x_wconf 90' lang='lat' dir='ltr'>aut</span> <span class='ocrx_word' id='word_1_183' title='bbox 955 1570 1052 1610; x_wconf 92' lang='lat' dir='ltr'>quos</span> <span class='ocrx_word' id='word_1_184' title='bbox 1075 1556 1205 1610; x_wconf 87' lang='lat' dir='ltr'>aliqua</span> <span class='ocrx_word' id='word_1_185' title='bbox 1226 1556 1357 1597; x_wconf 83' lang='lat' dir='ltr'>fabula</span> <span class='ocrx_word' id='word_1_186' title='bbox 1374 1556 1460 1597; x_wconf 86' lang='lat' dir='ltr'>sine</span> <span class='ocrx_word' id='word_1_187' title='bbox 1484 1562 1645 1597; x_wconf 83' lang='lat' dir='ltr'>auctore</span> 
     </span>
     <span class='ocr_line' id='line_1_21' title="bbox 200 1621 1642 1678; baseline 0.001 -16"><span class='ocrx_word' id='word_1_188' title='bbox 200 1635 338 1678; x_wconf 86' lang='lat' dir='ltr'>sparsa</span> <span class='ocrx_word' id='word_1_189' title='bbox 366 1622 598 1663; x_wconf 87' lang='lat' dir='ltr'>conterruit.</span> <span class='ocrx_word' id='word_1_190' title='bbox 670 1621 821 1666; x_wconf 90' lang='lat' dir='ltr'>Nescio</span> <span class='ocrx_word' id='word_1_191' title='bbox 859 1623 1052 1677; x_wconf 84' lang='lat' dir='ltr'>quomodo</span> <span class='ocrx_word' id='word_1_192' title='bbox 1096 1623 1221 1677; x_wconf 84' lang='lat' dir='ltr'>magis</span> <span class='ocrx_word' id='word_1_193' title='bbox 1256 1637 1360 1665; x_wconf 88' lang='lat' dir='ltr'>uana</span> <span class='ocrx_word' id='word_1_194' title='bbox 1389 1623 1642 1678; x_wconf 68' lang='lat' dir='ltr'>perturbant:</span> 
     </span>
     <span class='ocr_line' id='line_1_22' title="bbox 201 1689 1645 1745; baseline 0.002 -16"><span class='ocrx_word' id='word_1_195' title='bbox 201 1702 298 1730; x_wconf 89' lang='lat' dir='ltr'>uera</span> <span class='ocrx_word' id='word_1_196' title='bbox 317 1689 422 1730; x_wconf 90' lang='lat' dir='ltr'>enim</span> <span class='ocrx_word' id='word_1_197' title='bbox 443 1690 599 1730; x_wconf 92' lang='lat' dir='ltr'>modum</span> <span class='ocrx_word' id='word_1_198' title='bbox 623 1703 737 1731; x_wconf 90' lang='lat' dir='ltr'>suum</span> <span class='ocrx_word' id='word_1_199' title='bbox 758 1690 917 1733; x_wconf 86' lang='lat' dir='ltr'>habent.</span> <span class='ocrx_word' id='word_1_200' title='bbox 951 1690 1131 1745; x_wconf 90' lang='lat' dir='ltr'>quicquid</span> <span class='ocrx_word' id='word_1_201' title='bbox 1153 1703 1207 1730; x_wconf 87' lang='lat' dir='ltr'>ex</span> <span class='ocrx_word' id='word_1_202' title='bbox 1226 1690 1378 1739; x_wconf 74' lang='lat' dir='ltr'>incerto</span> <span class='ocrx_word' id='word_1_203' title='bbox 1394 1690 1518 1741; x_wconf 88' lang='lat' dir='ltr'>uenit,</span> <span class='ocrx_word' id='word_1_204' title='bbox 1552 1704 1645 1731; x_wconf 92' lang='lat' dir='ltr'>con-</span> 
     </span>
    </p>

    <p class='ocr_par' dir='ltr' id='par_1_5' title="bbox 166 1755 1645 1881">
     <span class='ocr_line' id='line_1_23' title="bbox 166 1755 1645 1812; baseline 0.002 -17"><span class='ocrx_word' id='word_1_205' title='bbox 166 1774 184 1802; x_wconf 83' lang='lat'>9</span> <span class='ocrx_word' id='word_1_206' title='bbox 201 1755 376 1796; x_wconf 85' lang='lat' dir='ltr'>iecturae</span> <span class='ocrx_word' id='word_1_207' title='bbox 406 1763 446 1796; x_wconf 89' lang='lat' dir='ltr'>et</span> <span class='ocrx_word' id='word_1_208' title='bbox 467 1756 647 1811; x_wconf 86' lang='lat' dir='ltr'>pauentis</span> <span class='ocrx_word' id='word_1_209' title='bbox 670 1757 789 1798; x_wconf 89' lang='lat' dir='ltr'>animi</span> <span class='ocrx_word' id='word_1_210' title='bbox 815 1757 997 1800; x_wconf 84' lang='lat' dir='ltr'>licentiae</span> <span class='ocrx_word' id='word_1_211' title='bbox 1023 1756 1203 1798; x_wconf 85' lang='lat' dir='ltr'>traditur.</span> <span class='ocrx_word' id='word_1_212' title='bbox 1273 1756 1385 1799; x_wconf 91' lang='lat' dir='ltr'>Nulli</span> <span class='ocrx_word' id='word_1_213' title='bbox 1409 1757 1541 1812; x_wconf 81' lang='lat' dir='ltr'>itaque</span> <span class='ocrx_word' id='word_1_214' title='bbox 1566 1764 1645 1799; x_wconf 86' lang='lat' dir='ltr'>tam</span> 
     </span>
     <span class='ocr_line' id='line_1_24' title="bbox 201 1822 1642 1881; baseline 0.003 -19"><span class='ocrx_word' id='word_1_215' title='bbox 201 1822 439 1877; x_wconf 85' lang='lat' dir='ltr'>perniciosi,</span> <span class='ocrx_word' id='word_1_216' title='bbox 486 1831 563 1863; x_wconf 88' lang='lat' dir='ltr'>tam</span> <span class='ocrx_word' id='word_1_217' title='bbox 605 1823 892 1868; x_wconf 85' lang='lat' dir='ltr'>inreuocabiles</span> <span class='ocrx_word' id='word_1_218' title='bbox 942 1838 1056 1879; x_wconf 88' lang='lat' dir='ltr'>quam</span> <span class='ocrx_word' id='word_1_219' title='bbox 1095 1825 1319 1881; x_wconf 88' lang='lat' dir='ltr'>lymphatici</span> <span class='ocrx_word' id='word_1_220' title='bbox 1362 1832 1490 1866; x_wconf 88' lang='lat' dir='ltr'>metus</span> <span class='ocrx_word' id='word_1_221' title='bbox 1530 1832 1642 1866; x_wconf 81' lang='lat' dir='ltr'>sunt:</span> 
     </span>
    </p>
   </div>
   <div class='ocr_carea' id='block_1_3' title="bbox 197 1913 901 2806">
    <p class='ocr_par' dir='ltr' id='par_1_6' title="bbox 202 1913 900 2047">
     <span class='ocr_line' id='line_1_25' title="bbox 246 1913 900 1958; baseline 0.005 -15"><span class='ocrx_word' id='word_1_222' title='bbox 246 1914 279 1948; x_wconf 83' lang='lat'>6.</span> <span class='ocrx_word' id='word_1_223' title='bbox 305 1923 349 1943; x_wconf 79' lang='lat' dir='ltr'>ac</span> <span class='ocrx_word' id='word_1_224' title='bbox 362 1920 397 1945; x_wconf 86' lang='lat' dir='ltr'>te</span> <span class='ocrx_word' id='word_1_225' title='bbox 409 1913 498 1957; x_wconf 77' lang='lat' dir='ltr'>ipse.</span> <span class='ocrx_word' id='word_1_226' title='bbox 523 1914 582 1954; x_wconf 64' lang='lat' dir='ltr'>xz</span> <span class='ocrx_word' id='word_1_227' title='bbox 596 1928 640 1941; x_wconf 95' lang='lat'><strong><em>=</em></strong></span> <span class='ocrx_word' id='word_1_228' title='bbox 653 1925 695 1946; x_wconf 86' lang='lat' dir='ltr'>ac</span> <span class='ocrx_word' id='word_1_229' title='bbox 707 1921 743 1946; x_wconf 86' lang='lat' dir='ltr'>te</span> <span class='ocrx_word' id='word_1_230' title='bbox 754 1915 812 1958; x_wconf 82' lang='lat' dir='ltr'>ips</span> <span class='ocrx_word' id='word_1_231' title='bbox 822 1926 844 1946; x_wconf 87' lang='grc' dir='ltr'>ιι</span> <span class='ocrx_word' id='word_1_232' title='bbox 857 1926 900 1946; x_wconf 89' lang='lat' dir='ltr'>m.</span> 
     </span>
     <span class='ocr_line' id='line_1_26' title="bbox 202 1958 895 2002; baseline 0.003 -12"><span class='ocrx_word' id='word_1_233' title='bbox 202 1968 224 1990; x_wconf 89' lang='grc' dir='ltr'>α</span> <span class='ocrx_word' id='word_1_234' title='bbox 241 1961 274 1994; x_wconf 73' lang='lat' dir='ltr'>—l—</span> <span class='ocrx_word' id='word_1_235' title='bbox 293 1968 335 1989; x_wconf 82' lang='lat' dir='ltr'>ac</span> <span class='ocrx_word' id='word_1_236' title='bbox 360 1958 461 1990; x_wconf 81' lang='lat' dir='ltr'>site</span> <span class='ocrx_word' id='word_1_237' title='bbox 483 1959 627 2002; x_wconf 77' lang='lat' dir='ltr'>ipsum.</span> <span class='ocrx_word' id='word_1_238' title='bbox 663 1959 694 1990; x_wconf 81' lang='lat' dir='ltr'><strong>G</strong></span> <span class='ocrx_word' id='word_1_239' title='bbox 709 1959 769 2002; x_wconf 84' lang='lat' dir='ltr'>(n.)</span> <span class='ocrx_word' id='word_1_240' title='bbox 787 1958 847 1999; x_wconf 63' lang='grc' dir='ltr'>ζῦξ</span> <span class='ocrx_word' id='word_1_241' title='bbox 862 1964 895 1997; x_wconf 55' lang='grc' dir='ltr'>-ὶ-</span> 
     </span>
     <span class='ocr_line' id='line_1_27' title="bbox 202 2002 481 2047; baseline 0.011 -15"><span class='ocrx_word' id='word_1_242' title='bbox 202 2014 245 2033; x_wconf 79' lang='lat' dir='ltr'>ac</span> <span class='ocrx_word' id='word_1_243' title='bbox 269 2002 313 2033; x_wconf 77' lang='lat' dir='ltr'>si</span> <span class='ocrx_word' id='word_1_244' title='bbox 335 2010 371 2034; x_wconf 83' lang='lat' dir='ltr'>te</span> <span class='ocrx_word' id='word_1_245' title='bbox 394 2003 481 2047; x_wconf 81' lang='lat' dir='ltr'>ipse.</span> 
     </span>
    </p>

    <p class='ocr_par' dir='ltr' id='par_1_7' title="bbox 247 2047 753 2092">
     <span class='ocr_line' id='line_1_28' title="bbox 247 2047 753 2092; baseline 0.006 -14"><span class='ocrx_word' id='word_1_246' title='bbox 247 2047 330 2081; x_wconf 61' lang='grc' dir='ltr'>’ΚΞ</span> <span class='ocrx_word' id='word_1_247' title='bbox 342 2049 402 2091; x_wconf 85' lang='lat' dir='ltr'>qui</span> <span class='ocrx_word' id='word_1_248' title='bbox 425 2056 439 2079; x_wconf 85' lang='lat' dir='ltr'>t</span> <span class='ocrx_word' id='word_1_249' title='bbox 450 2060 468 2079; x_wconf 86' lang='lat' dir='ltr'>e</span> <span class='ocrx_word' id='word_1_250' title='bbox 492 2048 621 2092; x_wconf 80' lang='lat' dir='ltr'>optime</span> <span class='ocrx_word' id='word_1_251' title='bbox 645 2049 753 2081; x_wconf 77' lang='lat' dir='ltr'>nosti.</span> 
     </span>
    </p>

    <p class='ocr_par' dir='ltr' id='par_1_8' title="bbox 202 2092 901 2180">
     <span class='ocr_line' id='line_1_29' title="bbox 248 2092 901 2133; baseline 0.003 -10"><span class='ocrx_word' id='word_1_252' title='bbox 248 2092 275 2123; x_wconf 69' lang='lat' dir='ltr'><strong><em>X</em></strong></span> <span class='ocrx_word' id='word_1_253' title='bbox 286 2106 331 2118; x_wconf 91' lang='lat'>·=</span> <span class='ocrx_word' id='word_1_254' title='bbox 344 2092 438 2133; x_wconf 83' lang='lat' dir='ltr'>Quid</span> <span class='ocrx_word' id='word_1_255' title='bbox 464 2104 482 2123; x_wconf 82' lang='lat' dir='ltr'>e</span> <span class='ocrx_word' id='word_1_256' title='bbox 493 2103 515 2123; x_wconf 84' lang='lat' dir='ltr'><em>n</em></span> <span class='ocrx_word' id='word_1_257' title='bbox 527 2093 541 2124; x_wconf 84' lang='lat' dir='ltr'>i</span> <span class='ocrx_word' id='word_1_258' title='bbox 553 2104 586 2124; x_wconf 92' lang='lat' dir='ltr'>m</span> <span class='ocrx_word' id='word_1_259' title='bbox 610 2100 674 2125; x_wconf 80' lang='lat' dir='ltr'>est.</span> <span class='ocrx_word' id='word_1_260' title='bbox 703 2099 737 2124; x_wconf 87' lang='lat' dir='ltr'>et</span> <span class='ocrx_word' id='word_1_261' title='bbox 761 2104 840 2125; x_wconf 86' lang='lat' dir='ltr'>mox</span> <span class='ocrx_word' id='word_1_262' title='bbox 856 2111 901 2119; x_wconf 83' lang='lat'>—</span> 
     </span>
     <span class='ocr_line' id='line_1_30' title="bbox 202 2137 552 2180; baseline 0.006 -14"><span class='ocrx_word' id='word_1_263' title='bbox 202 2147 314 2179; x_wconf 83' lang='lat' dir='ltr'>quare</span> <span class='ocrx_word' id='word_1_264' title='bbox 323 2154 366 2159; x_wconf 88' lang='lat'>—</span> <span class='ocrx_word' id='word_1_265' title='bbox 376 2137 462 2180; x_wconf 83' lang='lat' dir='ltr'>quid</span> <span class='ocrx_word' id='word_1_266' title='bbox 487 2144 552 2168; x_wconf 75' lang='lat' dir='ltr'>est.</span> 
     </span>
    </p>

    <p class='ocr_par' dir='ltr' id='par_1_9' title="bbox 197 2181 899 2358">
     <span class='ocr_line' id='line_1_31' title="bbox 248 2181 899 2225; baseline 0.003 -14"><span class='ocrx_word' id='word_1_267' title='bbox 248 2192 302 2212; x_wconf 81' lang='lat' dir='ltr'>me</span> <span class='ocrx_word' id='word_1_268' title='bbox 311 2181 526 2225; x_wconf 80' lang='lat' dir='ltr'>conplorent.</span> <span class='ocrx_word' id='word_1_269' title='bbox 553 2181 625 2211; x_wconf 88' lang='grc' dir='ltr'>ΒΞ</span> <span class='ocrx_word' id='word_1_270' title='bbox 635 2193 708 2212; x_wconf 84' lang='lat' dir='ltr'>mec</span> <span class='ocrx_word' id='word_1_271' title='bbox 717 2193 739 2212; x_wconf 87' lang='lat' dir='ltr'>u</span> <span class='ocrx_word' id='word_1_272' title='bbox 752 2194 784 2213; x_wconf 90' lang='lat' dir='ltr'><strong>m</strong></span> <span class='ocrx_word' id='word_1_273' title='bbox 803 2193 899 2213; x_wconf 83' lang='lat' dir='ltr'>com-</span> 
     </span>
     <span class='ocr_line' id='line_1_32' title="bbox 201 2224 899 2269; baseline 0.003 -13"><span class='ocrx_word' id='word_1_274' title='bbox 201 2224 350 2269; x_wconf 78' lang='lat' dir='ltr'>plorent.</span> <span class='ocrx_word' id='word_1_275' title='bbox 389 2225 541 2258; x_wconf 79' lang='lat' dir='ltr'>V=me</span> <span class='ocrx_word' id='word_1_276' title='bbox 559 2225 772 2269; x_wconf 86' lang='lat' dir='ltr'>plorent.</span> <span class='ocrx_word' id='word_1_277' title='bbox 813 2227 899 2267; x_wconf 65' lang='grc' dir='ltr'>,ῗςΞ</span> 
     </span>
     <span class='ocr_line' id='line_1_33' title="bbox 202 2268 899 2314; baseline 0.004 -14"><span class='ocrx_word' id='word_1_278' title='bbox 202 2281 257 2300; x_wconf 83' lang='lat' dir='ltr'>me</span> <span class='ocrx_word' id='word_1_279' title='bbox 270 2268 349 2314; x_wconf 87' lang='lat' dir='ltr'>flo</span> <span class='ocrx_word' id='word_1_280' title='bbox 362 2280 443 2301; x_wconf 76' lang='lat' dir='ltr'>ren</span> <span class='ocrx_word' id='word_1_281' title='bbox 456 2277 480 2301; x_wconf 75' lang='lat' dir='ltr'>t.</span> <span class='ocrx_word' id='word_1_282' title='bbox 519 2270 899 2312; x_wconf 61' lang='grc' dir='ltr'>δεὲμνουΞπιει-ιιηι</span> 
     </span>
     <span class='ocr_line' id='line_1_34' title="bbox 197 2314 352 2358; baseline 0 -12"><span class='ocrx_word' id='word_1_283' title='bbox 197 2314 352 2358; x_wconf 79' lang='lat' dir='ltr'>plorent.</span> 
     </span>
    </p>

    <p class='ocr_par' dir='ltr' id='par_1_10' title="bbox 246 2359 682 2391">
     <span class='ocr_line' id='line_1_35' title="bbox 246 2359 682 2391; baseline 0.002 -1"><span class='ocrx_word' id='word_1_284' title='bbox 246 2360 306 2390; x_wconf 87' lang='lat' dir='ltr'>An</span> <span class='ocrx_word' id='word_1_285' title='bbox 328 2370 388 2390; x_wconf 74' lang='lat' dir='ltr'>res</span> <span class='ocrx_word' id='word_1_286' title='bbox 408 2359 491 2391; x_wconf 79' lang='lat' dir='ltr'>ista.</span> <span class='ocrx_word' id='word_1_287' title='bbox 515 2370 533 2390; x_wconf 89' lang='lat' dir='ltr'><strong>r</strong></span> <span class='ocrx_word' id='word_1_288' title='bbox 543 2373 589 2386; x_wconf 91' lang='grc' dir='ltr'><strong>Ξ</strong></span> <span class='ocrx_word' id='word_1_289' title='bbox 597 2359 682 2391; x_wconf 77' lang='lat' dir='ltr'>ista.</span> 
     </span>
    </p>

    <p class='ocr_par' dir='ltr' id='par_1_11' title="bbox 247 2414 896 2447">
     <span class='ocr_line' id='line_1_36' title="bbox 247 2414 896 2447; baseline 0.005 -12"><span class='ocrx_word' id='word_1_290' title='bbox 247 2414 395 2436; x_wconf 81' lang='lat' dir='ltr'>moereo.</span> <span class='ocrx_word' id='word_1_291' title='bbox 420 2414 443 2447; x_wconf 84' lang='lat' dir='ltr'>p</span> <span class='ocrx_word' id='word_1_292' title='bbox 453 2418 499 2431; x_wconf 86' lang='lat'>=</span> <span class='ocrx_word' id='word_1_293' title='bbox 513 2415 639 2436; x_wconf 83' lang='lat' dir='ltr'>mereo.</span> <span class='ocrx_word' id='word_1_294' title='bbox 663 2416 680 2435; x_wconf 85' lang='lat' dir='ltr'>r</span> <span class='ocrx_word' id='word_1_295' title='bbox 691 2418 735 2431; x_wconf 92' lang='lat'><strong><em>=</em></strong></span> <span class='ocrx_word' id='word_1_296' title='bbox 751 2416 896 2438; x_wconf 85' lang='lat' dir='ltr'>mereor.</span> 
     </span>
    </p>

    <p class='ocr_par' dir='ltr' id='par_1_12' title="bbox 203 2448 897 2525">
     <span class='ocr_line' id='line_1_37' title="bbox 247 2448 897 2487; baseline 0.005 -7"><span class='ocrx_word' id='word_1_297' title='bbox 247 2459 344 2480; x_wconf 72' lang='lat' dir='ltr'>vana</span> <span class='ocrx_word' id='word_1_298' title='bbox 357 2448 442 2480; x_wconf 72' lang='lat' dir='ltr'>sint.</span> <span class='ocrx_word' id='word_1_299' title='bbox 466 2448 517 2480; x_wconf 72' lang='lat' dir='ltr'>eG</span> <span class='ocrx_word' id='word_1_300' title='bbox 530 2449 593 2482; x_wconf 67' lang='lat' dir='ltr'>Bm</span> <span class='ocrx_word' id='word_1_301' title='bbox 604 2466 650 2472; x_wconf 93' lang='lat'>·-</span> <span class='ocrx_word' id='word_1_302' title='bbox 660 2451 692 2483; x_wconf 61' lang='grc' dir='ltr'>(Β</span> <span class='ocrx_word' id='word_1_303' title='bbox 713 2455 745 2487; x_wconf 59' lang='lat'>4-</span> <span class='ocrx_word' id='word_1_304' title='bbox 765 2451 807 2482; x_wconf 82' lang='lat' dir='ltr'>si</span> <span class='ocrx_word' id='word_1_305' title='bbox 830 2462 897 2482; x_wconf 83' lang='grc' dir='ltr'>να-</span> 
     </span>
     <span class='ocr_line' id='line_1_38' title="bbox 203 2493 359 2525; baseline 0.006 -1"><span class='ocrx_word' id='word_1_306' title='bbox 203 2503 250 2525; x_wconf 83' lang='lat' dir='ltr'>na</span> <span class='ocrx_word' id='word_1_307' title='bbox 275 2493 359 2525; x_wconf 77' lang='lat' dir='ltr'>sint.</span> 
     </span>
    </p>

    <p class='ocr_par' dir='ltr' id='par_1_13' title="bbox 246 2536 675 2582">
     <span class='ocr_line' id='line_1_39' title="bbox 246 2536 675 2582; baseline 0.002 -13"><span class='ocrx_word' id='word_1_308' title='bbox 246 2536 463 2582; x_wconf 72' lang='lat' dir='ltr'>Br-——quibus</span> <span class='ocrx_word' id='word_1_309' title='bbox 486 2549 509 2570; x_wconf 88' lang='lat' dir='ltr'><strong><em>a</em></strong></span> <span class='ocrx_word' id='word_1_310' title='bbox 521 2549 606 2582; x_wconf 78' lang='lat' dir='ltr'>rgu</span> <span class='ocrx_word' id='word_1_311' title='bbox 617 2549 675 2571; x_wconf 88' lang='lat' dir='ltr'>or.</span> 
     </span>
    </p>

    <p class='ocr_par' dir='ltr' id='par_1_14' title="bbox 203 2582 900 2660">
     <span class='ocr_line' id='line_1_40' title="bbox 246 2582 900 2627; baseline -0.002 -12"><span class='ocrx_word' id='word_1_312' title='bbox 246 2584 279 2620; x_wconf 85' lang='grc'>7.</span> <span class='ocrx_word' id='word_1_313' title='bbox 308 2582 405 2615; x_wconf 59' lang='lat' dir='ltr'>nillil</span> <span class='ocrx_word' id='word_1_314' title='bbox 420 2583 557 2627; x_wconf 80' lang='lat' dir='ltr'>negotii</span> <span class='ocrx_word' id='word_1_315' title='bbox 580 2582 695 2615; x_wconf 77' lang='lat' dir='ltr'>habet.</span> <span class='ocrx_word' id='word_1_316' title='bbox 722 2595 792 2618; x_wconf 59' lang='lat' dir='ltr'>em</span> <span class='ocrx_word' id='word_1_317' title='bbox 802 2585 900 2618; x_wconf 75' lang='lat' dir='ltr'>nihil</span> 
     </span>
     <span class='ocr_line' id='line_1_41' title="bbox 203 2627 441 2660; baseline 0.008 -2"><span class='ocrx_word' id='word_1_318' title='bbox 203 2637 223 2658; x_wconf 88' lang='lat' dir='ltr'>o</span> <span class='ocrx_word' id='word_1_319' title='bbox 232 2635 247 2659; x_wconf 86' lang='lat' dir='ltr'>t</span> <span class='ocrx_word' id='word_1_320' title='bbox 259 2628 274 2659; x_wconf 87' lang='lat' dir='ltr'>i</span> <span class='ocrx_word' id='word_1_321' title='bbox 287 2628 302 2660; x_wconf 87' lang='lat' dir='ltr'>i</span> <span class='ocrx_word' id='word_1_322' title='bbox 325 2627 441 2660; x_wconf 74' lang='lat' dir='ltr'>habet.</span> 
     </span>
    </p>

    <p class='ocr_par' dir='ltr' id='par_1_15' title="bbox 200 2673 900 2806">
     <span class='ocr_line' id='line_1_42' title="bbox 245 2673 896 2718; baseline 0.008 -14"><span class='ocrx_word' id='word_1_323' title='bbox 245 2674 294 2704; x_wconf 76' lang='lat' dir='ltr'>Ac</span> <span class='ocrx_word' id='word_1_324' title='bbox 316 2673 410 2704; x_wconf 84' lang='lat' dir='ltr'>enim</span> <span class='ocrx_word' id='word_1_325' title='bbox 447 2680 586 2704; x_wconf 84' lang='lat' dir='ltr'>uturum</span> <span class='ocrx_word' id='word_1_326' title='bbox 617 2680 680 2704; x_wconf 70' lang='lat' dir='ltr'>est.</span> <span class='ocrx_word' id='word_1_327' title='bbox 716 2674 767 2705; x_wconf 84' lang='lat' dir='ltr'>rG</span> <span class='ocrx_word' id='word_1_328' title='bbox 779 2674 896 2718; x_wconf 59' lang='grc' dir='ltr'><strong>βγῇιλξ</strong></span> 
     </span>
     <span class='ocr_line' id='line_1_43' title="bbox 200 2715 896 2755; baseline 0.004 -6"><span class='ocrx_word' id='word_1_329' title='bbox 200 2715 269 2749; x_wconf 81' lang='lat' dir='ltr'>Pl.</span> <span class='ocrx_word' id='word_1_330' title='bbox 293 2715 326 2749; x_wconf 81' lang='lat'>2.</span> <span class='ocrx_word' id='word_1_331' title='bbox 349 2715 382 2749; x_wconf 84' lang='grc'>3.</span> <span class='ocrx_word' id='word_1_332' title='bbox 436 2716 479 2748; x_wconf 85' lang='grc'>01.</span> <span class='ocrx_word' id='word_1_333' title='bbox 506 2717 666 2752; x_wconf 58' lang='lat' dir='ltr'>&#39;Im—(E</span> <span class='ocrx_word' id='word_1_334' title='bbox 683 2723 711 2755; x_wconf 76' lang='grc' dir='ltr'>Ι.</span> <span class='ocrx_word' id='word_1_335' title='bbox 733 2733 779 2747; x_wconf 93' lang='grc' dir='ltr'><strong>Ξ</strong></span> <span class='ocrx_word' id='word_1_336' title='bbox 802 2722 896 2752; x_wconf 87' lang='lat' dir='ltr'>Aut</span> 
     </span>
     <span class='ocr_line' id='line_1_44' title="bbox 200 2760 900 2806; baseline 0.006 -13"><span class='ocrx_word' id='word_1_337' title='bbox 200 2762 294 2794; x_wconf 84' lang='lat' dir='ltr'>enim</span> <span class='ocrx_word' id='word_1_338' title='bbox 305 2760 383 2806; x_wconf 74' lang='lat' dir='ltr'>sut.</span> <span class='ocrx_word' id='word_1_339' title='bbox 403 2769 467 2795; x_wconf 74' lang='lat' dir='ltr'>est.</span> <span class='ocrx_word' id='word_1_340' title='bbox 499 2773 516 2796; x_wconf 88' lang='grc' dir='ltr'><strong>ε</strong></span> <span class='ocrx_word' id='word_1_341' title='bbox 532 2766 566 2800; x_wconf 63' lang='lat' dir='ltr'>-k-</span> <span class='ocrx_word' id='word_1_342' title='bbox 584 2765 633 2795; x_wconf 77' lang='lat' dir='ltr'>Ae</span> <span class='ocrx_word' id='word_1_343' title='bbox 653 2764 746 2796; x_wconf 84' lang='lat' dir='ltr'>enim</span> <span class='ocrx_word' id='word_1_344' title='bbox 770 2765 900 2797; x_wconf 72' lang='lat' dir='ltr'>nihil</span> 
     </span>
    </p>
   </div>
   <div class='ocr_carea' id='block_1_4' title="bbox 994 1913 1644 1960">
    <p class='ocr_par' dir='ltr' id='par_1_16' title="bbox 994 1913 1644 1960">
     <span class='ocr_line' id='line_1_45' title="bbox 994 1913 1644 1960; baseline 0 -14"><span class='ocrx_word' id='word_1_345' title='bbox 994 1914 1142 1958; x_wconf 79' lang='lat' dir='ltr'>dispice.</span> <span class='ocrx_word' id='word_1_346' title='bbox 1167 1913 1397 1960; x_wconf 74' lang='grc' dir='ltr'><strong>ΤΕβδεκμνξυ</strong></span> <span class='ocrx_word' id='word_1_347' title='bbox 1406 1915 1438 1949; x_wconf 70' lang='lat'>21</span> <span class='ocrx_word' id='word_1_348' title='bbox 1448 1929 1493 1942; x_wconf 90' lang='lat'>=</span> <span class='ocrx_word' id='word_1_349' title='bbox 1505 1915 1530 1947; x_wconf 87' lang='lat' dir='ltr'><em>d</em></span> <span class='ocrx_word' id='word_1_350' title='bbox 1539 1927 1559 1946; x_wconf 86' lang='lat' dir='ltr'>e</span> <span class='ocrx_word' id='word_1_351' title='bbox 1567 1915 1644 1960; x_wconf 75' lang='lat' dir='ltr'>spi-</span> 
     </span>
    </p>
   </div>
   <div class='ocr_carea' id='block_1_5' title="bbox 948 1960 1645 2061">
    <p class='ocr_par' dir='ltr' id='par_1_17' title="bbox 948 1960 1645 2061">
     <span class='ocr_line' id='line_1_46' title="bbox 948 1960 1372 2005; baseline 0.005 -15"><span class='ocrx_word' id='word_1_352' title='bbox 948 1971 997 1993; x_wconf 78' lang='lat' dir='ltr'>ce.</span> <span class='ocrx_word' id='word_1_353' title='bbox 1024 1960 1055 1990; x_wconf 90' lang='lat' dir='ltr'>G</span> <span class='ocrx_word' id='word_1_354' title='bbox 1064 1961 1123 1994; x_wconf 50' lang='lat' dir='ltr'>m&amp;</span> <span class='ocrx_word' id='word_1_355' title='bbox 1134 1974 1179 1987; x_wconf 92' lang='grc' dir='ltr'><strong>Ξ</strong></span> <span class='ocrx_word' id='word_1_356' title='bbox 1191 1972 1210 1992; x_wconf 83' lang='lat' dir='ltr'><strong>r</strong></span> <span class='ocrx_word' id='word_1_357' title='bbox 1224 1971 1271 1992; x_wconf 68' lang='lat' dir='ltr'>es</span> <span class='ocrx_word' id='word_1_358' title='bbox 1278 1962 1372 2005; x_wconf 80' lang='lat' dir='ltr'>pice.</span> 
     </span>
     <span class='ocr_line' id='line_1_47' title="bbox 995 2015 1645 2061; baseline 0.002 -14"><span class='ocrx_word' id='word_1_359' title='bbox 995 2015 1083 2047; x_wconf 86' lang='lat' dir='ltr'>G—</span> <span class='ocrx_word' id='word_1_360' title='bbox 1088 2015 1294 2060; x_wconf 83' lang='lat' dir='ltr'>plerumque</span> <span class='ocrx_word' id='word_1_361' title='bbox 1327 2015 1421 2048; x_wconf 85' lang='lat' dir='ltr'>enim</span> <span class='ocrx_word' id='word_1_362' title='bbox 1439 2033 1486 2041; x_wconf 89' lang='lat'>—-</span> <span class='ocrx_word' id='word_1_363' title='bbox 1505 2015 1645 2061; x_wconf 80' lang='lat' dir='ltr'>aliquid</span> 
     </span>
    </p>
   </div>
   <div class='ocr_carea' id='block_1_6' title="bbox 936 2059 1643 2104">
    <p class='ocr_par' dir='ltr' id='par_1_18' title="bbox 936 2059 1643 2104">
     <span class='ocr_line' id='line_1_48' title="bbox 936 2059 1643 2104; baseline 0 -12"><span class='ocrx_word' id='word_1_364' title='bbox 936 2059 1108 2102; x_wconf 82' lang='lat' dir='ltr'>futurum</span> <span class='ocrx_word' id='word_1_365' title='bbox 1127 2061 1225 2093; x_wconf 79' lang='lat' dir='ltr'>mali.</span> <span class='ocrx_word' id='word_1_366' title='bbox 1261 2059 1321 2092; x_wconf 83' lang='lat' dir='ltr'>sed</span> <span class='ocrx_word' id='word_1_367' title='bbox 1351 2060 1504 2104; x_wconf 78' lang='lat' dir='ltr'>suppleta</span> <span class='ocrx_word' id='word_1_368' title='bbox 1526 2067 1602 2093; x_wconf 86' lang='lat' dir='ltr'>sunt</span> <span class='ocrx_word' id='word_1_369' title='bbox 1624 2072 1643 2092; x_wconf 87' lang='lat' dir='ltr'>a</span> 
     </span>
    </p>
   </div>
   <div class='ocr_carea' id='block_1_7' title="bbox 943 2104 1643 2418">
    <p class='ocr_par' dir='ltr' id='par_1_19' title="bbox 945 2104 1642 2238">
     <span class='ocr_line' id='line_1_49' title="bbox 949 2104 1602 2148; baseline 0.005 -13"><span class='ocrx_word' id='word_1_370' title='bbox 949 2104 1153 2136; x_wconf 81' lang='lat' dir='ltr'>Guidomaro</span> <span class='ocrx_word' id='word_1_371' title='bbox 1164 2130 1172 2144; x_wconf 97' lang='lat'>,</span> <span class='ocrx_word' id='word_1_372' title='bbox 1199 2105 1254 2148; x_wconf 87' lang='lat' dir='ltr'>qui</span> <span class='ocrx_word' id='word_1_373' title='bbox 1279 2105 1422 2136; x_wconf 84' lang='lat' dir='ltr'>correxit</span> <span class='ocrx_word' id='word_1_374' title='bbox 1443 2105 1602 2138; x_wconf 84' lang='lat' dir='ltr'>codicem.</span> 
     </span>
     <span class='ocr_line' id='line_1_50' title="bbox 991 2149 1642 2194; baseline 0.002 -13"><span class='ocrx_word' id='word_1_375' title='bbox 991 2150 1111 2194; x_wconf 79' lang='lat' dir='ltr'>magis</span> <span class='ocrx_word' id='word_1_376' title='bbox 1121 2149 1287 2194; x_wconf 77' lang='lat' dir='ltr'>singulos</span> <span class='ocrx_word' id='word_1_377' title='bbox 1296 2149 1450 2191; x_wconf 80' lang='lat' dir='ltr'>conficit.</span> <span class='ocrx_word' id='word_1_378' title='bbox 1475 2161 1497 2193; x_wconf 87' lang='lat' dir='ltr'>p</span> <span class='ocrx_word' id='word_1_379' title='bbox 1507 2165 1552 2178; x_wconf 97' lang='lat'><strong><em>=</em></strong></span> <span class='ocrx_word' id='word_1_380' title='bbox 1562 2162 1642 2182; x_wconf 83' lang='lat' dir='ltr'>ma·</span> 
     </span>
     <span class='ocr_line' id='line_1_51' title="bbox 945 2193 1484 2238; baseline 0.004 -13"><span class='ocrx_word' id='word_1_381' title='bbox 945 2195 1006 2238; x_wconf 79' lang='lat' dir='ltr'>gis</span> <span class='ocrx_word' id='word_1_382' title='bbox 1029 2205 1052 2225; x_wconf 85' lang='lat' dir='ltr'><strong><em>a</em></strong></span> <span class='ocrx_word' id='word_1_383' title='bbox 1076 2194 1234 2238; x_wconf 69' lang='lat' dir='ltr'>singulis·</span> <span class='ocrx_word' id='word_1_384' title='bbox 1255 2193 1385 2236; x_wconf 80' lang='lat' dir='ltr'>confici</span> <span class='ocrx_word' id='word_1_385' title='bbox 1395 2202 1443 2227; x_wconf 87' lang='lat' dir='ltr'>tu</span> <span class='ocrx_word' id='word_1_386' title='bbox 1454 2206 1484 2227; x_wconf 86' lang='lat' dir='ltr'>r.</span> 
     </span>
    </p>

    <p class='ocr_par' dir='ltr' id='par_1_20' title="bbox 943 2250 1643 2384">
     <span class='ocr_line' id='line_1_52' title="bbox 989 2250 1643 2296; baseline 0.005 -16"><span class='ocrx_word' id='word_1_387' title='bbox 989 2251 1022 2285; x_wconf 89' lang='grc'>8.</span> <span class='ocrx_word' id='word_1_388' title='bbox 1058 2250 1295 2295; x_wconf 68' lang='lat' dir='ltr'>coarguimus.</span> <span class='ocrx_word' id='word_1_389' title='bbox 1354 2250 1458 2294; x_wconf 82' lang='lat' dir='ltr'>Arg.b</span> <span class='ocrx_word' id='word_1_390' title='bbox 1481 2266 1527 2279; x_wconf 91' lang='lat'>=</span> <span class='ocrx_word' id='word_1_391' title='bbox 1554 2264 1577 2296; x_wconf 87' lang='lat' dir='ltr'><em>q</em></span> <span class='ocrx_word' id='word_1_392' title='bbox 1589 2263 1610 2283; x_wconf 91' lang='lat' dir='ltr'>u</span> <span class='ocrx_word' id='word_1_393' title='bbox 1624 2263 1643 2283; x_wconf 91' lang='grc' dir='ltr'><em>ο</em></span> 
     </span>
     <span class='ocr_line' id='line_1_53' title="bbox 945 2293 1640 2341; baseline 0.006 -16"><span class='ocrx_word' id='word_1_394' title='bbox 945 2293 1144 2339; x_wconf 74' lang='lat' dir='ltr'>arguimus.</span> <span class='ocrx_word' id='word_1_395' title='bbox 1179 2295 1214 2329; x_wconf 65' lang='lat' dir='ltr'>{R</span> <span class='ocrx_word' id='word_1_396' title='bbox 1222 2311 1269 2320; x_wconf 89' lang='lat'>—·</span> <span class='ocrx_word' id='word_1_397' title='bbox 1278 2296 1310 2330; x_wconf 69' lang='lat' dir='ltr'>z:</span> <span class='ocrx_word' id='word_1_398' title='bbox 1321 2310 1367 2322; x_wconf 88' lang='lat'><strong><em>=</em></strong></span> <span class='ocrx_word' id='word_1_399' title='bbox 1379 2297 1564 2341; x_wconf 82' lang='lat' dir='ltr'>coarguim</span> <span class='ocrx_word' id='word_1_400' title='bbox 1576 2309 1598 2328; x_wconf 87' lang='lat' dir='ltr'>u</span> <span class='ocrx_word' id='word_1_401' title='bbox 1611 2308 1640 2329; x_wconf 87' lang='lat' dir='ltr'>r.</span> 
     </span>
     <span class='ocr_line' id='line_1_54' title="bbox 943 2339 1276 2384; baseline 0.006 -15"><span class='ocrx_word' id='word_1_402' title='bbox 943 2339 972 2374; x_wconf 69' lang='lat' dir='ltr'>X</span> <span class='ocrx_word' id='word_1_403' title='bbox 981 2354 1025 2367; x_wconf 90' lang='lat'>=</span> <span class='ocrx_word' id='word_1_404' title='bbox 1038 2339 1276 2384; x_wconf 68' lang='lat' dir='ltr'>cognovimus.</span> 
     </span>
    </p>

    <p class='ocr_par' dir='ltr' id='par_1_21' title="bbox 988 2384 1497 2418">
     <span class='ocr_line' id='line_1_55' title="bbox 988 2384 1497 2418; baseline 0 0"><span class='ocrx_word' id='word_1_405' title='bbox 988 2384 1072 2418; x_wconf 62' lang='grc' dir='ltr'>ἘΞ</span> <span class='ocrx_word' id='word_1_406' title='bbox 1085 2385 1125 2416; x_wconf 82' lang='lat' dir='ltr'>in</span> <span class='ocrx_word' id='word_1_407' title='bbox 1150 2393 1277 2417; x_wconf 79' lang='lat' dir='ltr'>metum</span> <span class='ocrx_word' id='word_1_408' title='bbox 1302 2385 1423 2417; x_wconf 78' lang='lat' dir='ltr'>‹lucu</span> <span class='ocrx_word' id='word_1_409' title='bbox 1435 2392 1497 2418; x_wconf 87' lang='lat' dir='ltr'>nt.</span> 
     </span>
    </p>
   </div>
   <div class='ocr_carea' id='block_1_8' title="bbox 943 2439 1639 2744">
    <p class='ocr_par' dir='ltr' id='par_1_22' title="bbox 943 2439 1639 2744">
     <span class='ocr_line' id='line_1_56' title="bbox 989 2439 1639 2487; baseline 0.006 -17"><span class='ocrx_word' id='word_1_410' title='bbox 989 2439 1088 2471; x_wconf 80' lang='lat' dir='ltr'>exuit</span> <span class='ocrx_word' id='word_1_411' title='bbox 1109 2440 1254 2474; x_wconf 71' lang='lat' dir='ltr'>castris.</span> <span class='ocrx_word' id='word_1_412' title='bbox 1293 2452 1358 2475; x_wconf 82' lang='grc' dir='ltr'>ιΞ</span> <span class='ocrx_word' id='word_1_413' title='bbox 1371 2453 1487 2487; x_wconf 83' lang='lat' dir='ltr'>expu</span> <span class='ocrx_word' id='word_1_414' title='bbox 1498 2441 1561 2474; x_wconf 83' lang='lat' dir='ltr'>lit</span> <span class='ocrx_word' id='word_1_415' title='bbox 1583 2441 1609 2474; x_wconf 81' lang='lat' dir='ltr'><strong><em>d</em></strong></span> <span class='ocrx_word' id='word_1_416' title='bbox 1621 2455 1639 2473; x_wconf 77' lang='lat' dir='ltr'>e</span> 
     </span>
     <span class='ocr_line' id='line_1_57' title="bbox 943 2492 1085 2517; baseline 0.007 -1"><span class='ocrx_word' id='word_1_417' title='bbox 943 2492 1085 2517; x_wconf 72' lang='lat' dir='ltr'>castus.</span> 
     </span>
     <span class='ocr_line' id='line_1_58' title="bbox 987 2529 1515 2575; baseline 0.006 -14"><span class='ocrx_word' id='word_1_418' title='bbox 987 2529 1012 2561; x_wconf 94' lang='lat' dir='ltr'>P</span> <span class='ocrx_word' id='word_1_419' title='bbox 1024 2540 1166 2574; x_wconf 77' lang='lat' dir='ltr'>=quos</span> <span class='ocrx_word' id='word_1_420' title='bbox 1188 2529 1355 2563; x_wconf 81' lang='lat' dir='ltr'>aliena</span> <span class='ocrx_word' id='word_1_421' title='bbox 1374 2529 1515 2575; x_wconf 79' lang='lat' dir='ltr'>fabula.</span> 
     </span>
     <span class='ocr_line' id='line_1_59' title="bbox 988 2574 1502 2609; baseline 0 -1"><span class='ocrx_word' id='word_1_422' title='bbox 988 2574 1073 2608; x_wconf 60' lang='grc' dir='ltr'>ἘΞ</span> <span class='ocrx_word' id='word_1_423' title='bbox 1085 2575 1163 2608; x_wconf 73' lang='lat' dir='ltr'>sine</span> <span class='ocrx_word' id='word_1_424' title='bbox 1186 2577 1459 2609; x_wconf 81' lang='lat' dir='ltr'>auctoritat</span> <span class='ocrx_word' id='word_1_425' title='bbox 1472 2588 1502 2608; x_wconf 86' lang='lat' dir='ltr'>e.</span> 
     </span>
     <span class='ocr_line' id='line_1_60' title="bbox 987 2621 1499 2654; baseline 0.004 -3"><span class='ocrx_word' id='word_1_426' title='bbox 987 2621 1192 2652; x_wconf 82' lang='lat' dir='ltr'>conterruit.</span> <span class='ocrx_word' id='word_1_427' title='bbox 1217 2631 1234 2654; x_wconf 83' lang='grc' dir='ltr'><strong>ε</strong></span> <span class='ocrx_word' id='word_1_428' title='bbox 1245 2636 1290 2648; x_wconf 92' lang='grc' dir='ltr'><strong>Ξ</strong></span> <span class='ocrx_word' id='word_1_429' title='bbox 1303 2621 1499 2653; x_wconf 75' lang='lat' dir='ltr'>commovit.</span> 
     </span>
     <span class='ocr_line' id='line_1_61' title="bbox 1011 2663 1611 2701; baseline 0.002 -5"><span class='ocrx_word' id='word_1_430' title='bbox 1011 2664 1207 2698; x_wconf 82' lang='lat' dir='ltr'>erturbam.</span> <span class='ocrx_word' id='word_1_431' title='bbox 1231 2667 1296 2701; x_wconf 61' lang='lat'>231</span> <span class='ocrx_word' id='word_1_432' title='bbox 1303 2680 1349 2693; x_wconf 84' lang='lat'><strong><em>=</em></strong></span> <span class='ocrx_word' id='word_1_433' title='bbox 1360 2677 1379 2697; x_wconf 83' lang='grc' dir='ltr'>ι·</span> <span class='ocrx_word' id='word_1_434' title='bbox 1388 2677 1408 2698; x_wconf 89' lang='grc' dir='ltr'><strong><em>ο</em></strong></span> <span class='ocrx_word' id='word_1_435' title='bbox 1419 2676 1442 2698; x_wconf 86' lang='lat' dir='ltr'><strong><em>n</em></strong></span> <span class='ocrx_word' id='word_1_436' title='bbox 1454 2663 1611 2698; x_wconf 80' lang='lat' dir='ltr'>turbant.</span> 
     </span>
     <span class='ocr_line' id='line_1_62' title="bbox 1026 2710 1514 2744; baseline 0 -2"><span class='ocrx_word' id='word_1_437' title='bbox 1026 2725 1071 2738; x_wconf 91' lang='lat'><strong><em>=</em></strong></span> <span class='ocrx_word' id='word_1_438' title='bbox 1084 2722 1127 2742; x_wconf 83' lang='lat' dir='ltr'>ex</span> <span class='ocrx_word' id='word_1_439' title='bbox 1151 2711 1288 2744; x_wconf 73' lang='lat' dir='ltr'>incerto</span> <span class='ocrx_word' id='word_1_440' title='bbox 1311 2721 1423 2743; x_wconf 78' lang='lat' dir='ltr'>vene</span> <span class='ocrx_word' id='word_1_441' title='bbox 1435 2710 1514 2743; x_wconf 81' lang='lat' dir='ltr'>rit.</span> 
     </span>
    </p>
   </div>
   <div class='ocr_carea' id='block_1_9' title="bbox 986 2765 1637 2811">
    <p class='ocr_par' dir='ltr' id='par_1_23' title="bbox 986 2765 1637 2811">
     <span class='ocr_line' id='line_1_63' title="bbox 986 2765 1637 2811; baseline 0.002 -13"><span class='ocrx_word' id='word_1_442' title='bbox 986 2767 1020 2802; x_wconf 85' lang='lat'>9.</span> <span class='ocrx_word' id='word_1_443' title='bbox 1055 2765 1269 2811; x_wconf 64' lang='lat' dir='ltr'>{ymphatici</span> <span class='ocrx_word' id='word_1_444' title='bbox 1289 2773 1412 2798; x_wconf 71' lang='lat' dir='ltr'>metus.</span> <span class='ocrx_word' id='word_1_445' title='bbox 1448 2765 1637 2808; x_wconf 76' lang='grc' dir='ltr'>ΡΞζγηι-</span> 
     </span>
    </p>
   </div>
   <div class='ocr_carea' id='block_1_10' title="bbox 188 2805 1635 2856">
    <p class='ocr_par' dir='ltr' id='par_1_24' title="bbox 188 2805 1635 2856">
     <span class='ocr_line' id='line_1_64' title="bbox 188 2805 1635 2856; baseline 0.002 -17"><span class='ocrx_word' id='word_1_446' title='bbox 188 2805 266 2851; x_wconf 81' lang='lat' dir='ltr'>fue.</span> <span class='ocrx_word' id='word_1_447' title='bbox 281 2814 345 2840; x_wconf 70' lang='lat' dir='ltr'>est.</span> <span class='ocrx_word' id='word_1_448' title='bbox 380 2806 466 2839; x_wconf 89' lang='grc' dir='ltr'>ΤΞ</span> <span class='ocrx_word' id='word_1_449' title='bbox 478 2819 498 2839; x_wconf 82' lang='lat' dir='ltr'><strong><em>e</em></strong></span> <span class='ocrx_word' id='word_1_450' title='bbox 508 2814 524 2839; x_wconf 83' lang='lat' dir='ltr'>t</span> <span class='ocrx_word' id='word_1_451' title='bbox 545 2806 715 2852; x_wconf 83' lang='lat' dir='ltr'>enimfut.</span> <span class='ocrx_word' id='word_1_452' title='bbox 731 2817 795 2843; x_wconf 78' lang='lat' dir='ltr'>est.</span> <span class='ocrx_word' id='word_1_453' title='bbox 828 2809 895 2841; x_wconf 88' lang='lat' dir='ltr'>mG</span> <span class='ocrx_word' id='word_1_454' title='bbox 938 2810 1045 2855; x_wconf 77' lang='lat' dir='ltr'>photi</span> <span class='ocrx_word' id='word_1_455' title='bbox 1054 2823 1073 2842; x_wconf 85' lang='lat' dir='ltr'>c</span> <span class='ocrx_word' id='word_1_456' title='bbox 1085 2811 1099 2842; x_wconf 82' lang='lat' dir='ltr'><em>i</em></span> <span class='ocrx_word' id='word_1_457' title='bbox 1109 2822 1127 2843; x_wconf 76' lang='lat' dir='ltr'>s</span> <span class='ocrx_word' id='word_1_458' title='bbox 1151 2818 1273 2843; x_wconf 69' lang='lat' dir='ltr'>metus.</span> <span class='ocrx_word' id='word_1_459' title='bbox 1298 2811 1326 2843; x_wconf 90' lang='lat' dir='ltr'>E</span> <span class='ocrx_word' id='word_1_460' title='bbox 1335 2824 1382 2839; x_wconf 82' lang='grc' dir='ltr'><strong>Ξ</strong></span> <span class='ocrx_word' id='word_1_461' title='bbox 1393 2810 1528 2856; x_wconf 74' lang='grc' dir='ltr'>ζγηιΡΙι.</span> <span class='ocrx_word' id='word_1_462' title='bbox 1549 2822 1583 2842; x_wconf 87' lang='lat' dir='ltr'><strong>m</strong></span> <span class='ocrx_word' id='word_1_463' title='bbox 1593 2821 1635 2842; x_wconf 78' lang='lat' dir='ltr'>o—</span> 
     </span>
    </p>
   </div>
   <div class='ocr_carea' id='block_1_11' title="bbox 197 2852 629 2889">
    <p class='ocr_par' dir='ltr' id='par_1_25' title="bbox 197 2852 629 2889">
     <span class='ocr_line' id='line_1_65' title="bbox 197 2852 629 2889; baseline 0.002 -7"><span class='ocrx_word' id='word_1_464' title='bbox 197 2862 213 2882; x_wconf 90' lang='lat' dir='ltr'><strong>r</strong></span> <span class='ocrx_word' id='word_1_465' title='bbox 230 2852 265 2886; x_wconf 65' lang='lat' dir='ltr'>{R</span> <span class='ocrx_word' id='word_1_466' title='bbox 279 2869 319 2875; x_wconf 89' lang='lat'><em>-</em></span> <span class='ocrx_word' id='word_1_467' title='bbox 332 2852 394 2889; x_wconf 61' lang='grc' dir='ltr'>ΕΙ.</span> <span class='ocrx_word' id='word_1_468' title='bbox 412 2855 445 2889; x_wconf 62' lang='grc' dir='ltr'>--Ιμ</span> <span class='ocrx_word' id='word_1_469' title='bbox 462 2860 525 2884; x_wconf 84' lang='lat' dir='ltr'>aut</span> <span class='ocrx_word' id='word_1_470' title='bbox 548 2862 629 2884; x_wconf 83' lang='lat' dir='ltr'>non.</span> 
     </span>
    </p>
   </div>
   <div class='ocr_carea' id='block_1_12' title="bbox 941 2863 1027 2887">
    <p class='ocr_par' dir='ltr' id='par_1_26' title="bbox 941 2863 1027 2887">
     <span class='ocr_line' id='line_1_66' title="bbox 941 2863 1027 2887; baseline 0.012 -1"><span class='ocrx_word' id='word_1_471' title='bbox 941 2863 1027 2887; x_wconf 73' lang='lat' dir='ltr'>tus.</span> 
     </span>
    </p>
   </div>
  </div>
 </body>
</html>
