1742 3094
476 190 694 231 EPISTUL.
723 189 843 228 Mon.
874 188 947 228 ΕΡ.
979 188 1167 228 LXXXV.
1453 186 1539 230 399

107 305 205 346 sola
223 304 332 346 satis
350 302 528 359 efficax.
585 300 702 343 lubes
723 314 787 342 me
810 300 989 355 quicquid
1009 306 1073 340 est
1099 299 1448 354 interrogationum
1471 306 1540 340 aut

109 377 329 413 nostrarum
355 378 423 413 aut
440 371 487 412 ad
512 369 791 411 traductionem
819 374 993 409 nostram
1015 366 1325 420 excogitatarum
1349 381 1539 422 conpren-

110 439 229 480 dere:
261 439 364 494 quod
378 438 412 480 si
426 439 557 479 tacere
572 437 751 487 noluero,
783 450 863 478 non
876 435 953 476 erit
965 434 1148 491 epistula,
1179 434 1249 474 sed
1265 434 1378 475 liber.
1439 432 1540 475 Illud

110 506 257 549 totiens
272 512 399 547 tentor
412 505 490 546 *boc
509 517 572 545 me
590 510 908 558 argumentorum
933 515 1080 557 genere
1102 515 1180 542 non
1200 501 1400 543 delectari.
1460 501 1540 543 Pu-

110 573 177 614 det
192 572 236 614 in
258 573 382 614 aciem
401 571 638 614 descendere
659 586 730 626 pro
751 570 811 612 dis
836 569 1130 624 hominibusque
1158 576 1379 624 susceptam
1403 569 1541 611 subula

109 646 314 682 armatum.
377 639 464 691 Qui
483 639 680 694 prudens
712 644 774 681 est
800 644 842 680 et
872 643 1119 692 temperans
1147 642 1222 678 est.
1281 638 1354 692 qui
1384 642 1540 692 tempe·
1555 650 1573 677 ‘2

110 718 218 751 rans
244 712 309 750 est
336 712 377 749 et
407 712 620 749 constans.
679 708 752 762 qni
780 711 982 748 constans
1009 709 1072 747 est
1101 705 1425 759 inperturbatus
1465 710 1541 746 est.

112 776 185 830 qiu·
205 774 529 829 inperturbatus
553 779 615 816 est
633 776 726 816 sine
747 775 926 816 tristitia
946 778 1021 815 est.
1080 773 1152 827 qui
1169 774 1262 814 sine
1283 774 1464 814 tristitia
1479 778 1543 814 est

113 840 263 883 beatus
282 847 368 883 est:
397 854 502 897 erqo
518 841 713 896 prudens
731 842 881 883 beatus
900 845 1020 883 estet
1035 840 1275 895 prudentia
1294 840 1355 881 ad
1374 839 1543 882 beatam

112 909 245 950 uitam
277 910 386 951 satis
417 914 492 950 est.
560 907 662 950 Huic
693 909 914 950 collectioni
942 908 1015 949 hoc
1045 908 1160 949 modo
1193 906 1544 963 Peripateticorum

114 974 270 1030 quidam
286 977 546 1032 respondent,
578 983 623 1017 ut
642 976 949 1030 inperturbatum
977 981 1019 1016 et
1033 982 1277 1016 constantem
1305 982 1346 1016 et
1365 976 1452 1017 sine
1473 976 1544 1016 tri-

91 1042 220 1085 stitia
233 1043 292 1084 sio
309 1043 630 1099 interpretentur,
646 1050 844 1097 ‘tamquam
862 1042 1186 1097 inperturbatus
1207 1042 1431 1097 dicaturqui
1451 1056 1544 1084 raro

91 1098 361 1166 “perturbatur
380 1117 422 1151 et
444 1111 595 1152 modice
608 1142 620 1162 ‚
666 1124 745 1152 non
767 1111 831 1165 qui
856 1124 1077 1165 numquam.
1138 1110 1230 1150 item
1251 1112 1343 1151 sine
1363 1112 1543 1152 tristitia
1561 1125 1578 1151 ³

115 1190 206 1221 eum
229 1177 306 1218 dici
336 1177 446 1219 aiunt
473 1178 539 1232 qui
562 1192 641 1219 non
665 1184 728 1219 est
748 1177 943 1219 obnoxius
974 1177 1156 1219 tristitiae
1179 1192 1253 1219 nec
1277 1179 1462 1233 frequens
1488 1178 1547 1220 ni-

116 1243 268 1286 minsue
285 1245 326 1286 in
350 1245 424 1286 hoc
447 1245 570 1286 uitio:
614 1245 707 1286 illud
732 1245 836 1286 enim
867 1245 1072 1286 humanam
1105 1252 1281 1286 naturam
1315 1259 1460 1301 negare
1478 1246 1548 1287 ali-

117 1311 228 1353 euius
249 1312 418 1354 animum
432 1312 630 1353 inmunem
647 1326 736 1353 csse
756 1313 927 1353 tristitia.
988 1313 1203 1367 sapientem
1222 1327 1300 1353 non
1319 1313 1424 1354 uinci
1441 1327 1549 1354 moe-

118 1393 233 1430 rore,
264 1386 438 1420 eeterum
458 1380 581 1434 tangi.
642 1386 684 1420 ct
702 1387 834 1420 cetera
851 1380 893 1419 in
914 1379 1016 1420 hunc
1039 1380 1193 1420 modum
1215 1387 1347 1421 sectae
1367 1393 1463 1421 suae
1486 1394 1550 1421 re-

120 1447 366 1502 spondentia.
425 1445 521 1487 Non
543 1446 603 1487 his
622 1447 763 1487 tollunt
782 1447 959 1488 adlectus
973 1479 986 1498 ‚
1029 1447 1099 1488 sed
1122 1454 1351 1502 temperant.
1414 1447 1551 1502 Quan-

120 1513 242 1555 tulum
272 1521 402 1556 autem
442 1514 608 1568 sapienti
638 1514 773 1555 damus
787 1545 799 1565 ‚
847 1516 882 1555 si
910 1514 1214 1556 inbecillissimis
1251 1515 1394 1556 fortior
1421 1523 1484 1557 est
1511 1522 1551 1557 ct

120 1581 393 1623 moestissimis
427 1581 568 1623 laetior
592 1588 632 1623 et
659 1581 971 1622 effrenatissimis
1002 1582 1242 1623 moderatior
1266 1589 1307 1623 et
1329 1582 1552 1624 humillimis

120 1647 275 1689 maior?
332 1646 435 1702 Quid
450 1680 462 1700 ,
494 1649 528 1690 si
549 1649 714 1691 miretur
732 1649 979 1690 uelocitatem
1005 1663 1115 1691 suam
1138 1650 1301 1691 laudans
1318 1650 1367 1692 ad
1389 1651 1548 1692 claudos
1566 1663 1581 1689 4

119 1714 343 1770 debilesque
362 1716 578 1772 respiciens
590 1719 610 1758 ⁴?

164 1794 251 1830 ἵε
263 1795 315 1825 lu
326 1793 374 1826 be
396 1806 459 1827 me.
540 1795 569 1826 R
581 1810 626 1823 =
638 1807 661 1827 a
684 1795 771 1827 trad
779 1796 815 1827 i-
904 1794 938 1828 3.
964 1796 1103 1840 mmm)
1118 1812 1163 1824 =
1173 1797 1188 1828 i
1199 1808 1221 1828 a
1230 1809 1264 1828 m
1287 1797 1366 1829 sine
1385 1798 1550 1832 tristitia.

122 1846 138 1872 t
149 1838 164 1870 i
174 1850 195 1870 ο
204 1850 228 1870 n
239 1851 258 1870 e
280 1847 403 1871 nostra
425 1851 542 1884 excog.
588 1851 649 1882 νοφ
659 1840 717 1874 ’ΚΘ
733 1845 759 1876 1.
770 1858 816 1864 —
905 1841 933 1872 R
943 1857 988 1868 =
1000 1853 1065 1874 nec
1083 1840 1262 1886 frequens
1284 1843 1373 1874 nim
1385 1844 1400 1874 i
1410 1854 1438 1875 s.

123 1883 299 1917 fflt=ad
330 1884 615 1916 traditionem.
671 1886 723 1916 Sw
741 1895 816 1915 ma·-
907 1886 959 1920 εθὶ
983 1905 1020 1910 -
1045 1887 1079 1920 Β
1104 1891 1137 1924 -l-
1163 1887 1256 1918 illud
1291 1889 1387 1919 enim
1424 1896 1554 1920 esset

124 1926 216 1960 lebat
225 1927 275 1960 ad
283 1928 542 1960 traductionem
566 1937 645 1961 nost
655 1941 674 1960 r
687 1941 707 1960 o
718 1941 736 1960 r
746 1941 815 1961 um.
863 1930 955 1963 Imm.
1001 1930 1113 1962 Noun.
1138 1931 1193 1963 alii
1215 1943 1252 1973 pp
1279 1936 1314 1970 -l-
1337 1933 1351 1964 i
1354 1932 1430 1964 llud
1460 1934 1554 1965 enim

172 1972 204 2003 G
216 1973 301 2016 (sm)
324 1988 370 2002 =
393 1974 531 2019 excogit
553 1986 576 2005 a
588 1986 608 2005 r
618 1987 637 2005 e
659 1986 817 2019 compre-
863 1988 882 2007 e
892 1988 910 2008 s
919 1984 933 2007 t
966 1975 1058 2007 Imm.
1129 1977 1192 2014 §L
1212 1991 1257 2004 =
1278 1977 1324 2009 Il
1334 1977 1379 2009 lu
1389 1989 1424 2009 m
1461 1979 1555 2010 enim

127 2016 291 2050 bendere.
323 2018 437 2051 Noun.
456 2029 541 2051 rece.
566 2030 604 2062 pp
613 2034 659 2047 =
671 2019 816 2064 excogi-
863 2020 957 2052 lium.
985 2020 1019 2054 ffl
1029 2039 1075 2044 -
1083 2021 1116 2055 Β
1124 2036 1171 2048 =
1180 2022 1370 2054 humanam
1396 2035 1417 2054 ν
1427 2023 1442 2055 i
1452 2031 1466 2055 t
1474 2035 1498 2055 a
1508 2036 1553 2056 m.

128 2069 168 2096 tu
177 2070 194 2095 t
202 2074 226 2094 u
233 2073 277 2096 m.
906 2066 953 2097 Rr
962 2080 1007 2092 =
1027 2067 1214 2098 immunem
1244 2079 1322 2099 esse
1351 2069 1482 2100 tristiti
1493 2080 1516 2100 a
1524 2081 1553 2100 e.

170 2106 201 2142 '1
212 2107 315 2140 =Is
326 2108 408 2141 tud
439 2109 581 2141 totiens.
650 2120 667 2141 r
686 2124 731 2136 =
753 2121 817 2141 ar·-
907 2110 991 2143 Non
1025 2111 1098 2143 his
1131 2112 1260 2144 tollunt
1271 2125 1317 2140 =
1331 2124 1406 2144 mss.
1431 2113 1496 2148 191
1510 2132 1556 2137 —

126 2163 256 2199 gumen
265 2153 305 2186 ti
336 2165 479 2198 genere.
530 2154 583 2188 -θῖ
591 2172 637 2177 -
646 2155 677 2189 Z
685 2170 731 2182 =
742 2156 818 2186 Pu-
863 2156 920 2190 ⁵231.
989 2156 1011 2190 ἓ
1019 2159 1052 2192 2.
1061 2175 1108 2180 -
1118 2157 1151 2191 Ξ
1164 2172 1210 2184 =
1220 2157 1301 2189 Non
1333 2157 1356 2189 Ιι
1367 2159 1382 2190 ι’
1413 2158 1552 2191 tollunt.

129 2197 154 2230 d
165 2206 270 2230 eret
291 2199 330 2231 in
353 2199 477 2231 aciem.
536 2199 565 2230 G
576 2212 694 2245 =pro
717 2199 819 2232 hiis
864 2200 931 2232 Sed
950 2200 984 2232 in
1003 2208 1085 2233 uota
1095 2203 1152 2239 22.
1170 2202 1270 2234 habet
1289 2202 1357 2235 his.
1424 2204 1555 2238 {it-3

129 2253 150 2274 ο
158 2254 192 2274 m
202 2254 223 2274 n
235 2243 251 2274 i
259 2242 280 2274 b
291 2255 314 2274 u
326 2256 344 2276 s
353 2255 419 2287 que
442 2252 648 2288 susceptam.
694 2248 762 2288 γδη
774 2259 819 2271 =
866 2261 909 2273 =
919 2248 1036 2288 Quant
1046 2259 1069 2278 u
1078 2259 1111 2278 m
1134 2256 1251 2280 autem
1274 2249 1442 2292 sapienti.

130 2298 231 2320 susce
263 2295 311 2320 ta
333 2288 468 2327 subula.
501 2290 794 2335 my=suscepti
803 2301 821 2320 s
920 2290 1202 2325 inbecillissimis
1225 2308 1269 2320 =
1292 2305 1368 2325 mss.
1408 2294 1504 2337 (θη.
1529 2294 1555 2325 P

130 2329 217 2364 subu
233 2343 266 2363 a.
311 2331 341 2365 X
351 2347 395 2361 =
414 2345 474 2366 sus
485 2335 558 2378 cip
567 2336 582 2366 i
591 2347 651 2367 am
682 2334 819 2367 subula.
866 2335 992 2378 Arg-bc
1002 2334 1060 2369 Pl.
1074 2337 1106 2369 4.
1118 2336 1177 2371 P3.
1187 2338 1281 2381 p.m.)
1295 2337 1395 2370 etiam
1408 2339 1464 2370 Gr.
1476 2341 1556 2382 Ops,

175 2373 209 2408 2.
234 2376 262 2409 ’Κ
272 2393 319 2400 -
329 2385 363 2408 et
385 2383 462 2409 ante
483 2387 682 2423 temperans
699 2387 762 2412 est.
867 2382 916 2412 Ss.
930 2381 1048 2415 Xffl—
1058 2383 1143 2417 ξςὲ.
1207 2394 1228 2416 σ
1237 2382 1352 2426 (Arg.b
1364 2382 1422 2415 Pl.
1435 2382 1482 2426 4.)
1495 2381 1554 2415 1²3.

177 2420 313 2454 §ll—B
333 2436 379 2452 ε
398 2430 565 2455 constans
588 2431 661 2456 est
684 2435 750 2456 om.
774 2431 820 2456 et.
867 2436 947 2467 p.m.
970 2426 999 2460 Ε
1014 2427 1170 2463 Ι.-5))ἶα
1188 2443 1233 2455 =
1253 2429 1499 2460 imbecillim
1513 2428 1556 2460 is.

135 2463 269 2508 GArg.b
287 2470 321 2503 -ι-
339 2474 373 2498 et
398 2475 565 2498 constans
596 2479 644 2500 es
658 2476 683 2500 t.
758 2468 822 2504 (ξι.
867 2470 892 2500 P
910 2484 956 2497 =
973 2470 1152 2504 inbecilli
1163 2486 1195 2504 m
1207 2474 1232 2507 i.
1301 2485 1374 2505 r=
1392 2482 1426 2505 et
1459 2471 1514 2515 eff
1517 2484 1557 2503 e·

133 2527 178 2534 —
189 2511 223 2545 Θ
241 2514 275 2548 -Ι-
292 2523 311 2541 e
320 2518 335 2543 t
358 2511 623 2555 inperturbatus
642 2521 705 2544 est.
743 2513 768 2544 P
778 2527 824 2539 =
869 2515 927 2546 mi
937 2526 960 2547 n
969 2527 992 2547 a
1002 2516 1154 2549 tissimis
1178 2518 1403 2550 moderatior.

134 2554 197 2600 qui
234 2556 493 2600 perturbatus
528 2565 592 2589 est.
638 2568 824 2601 r—ergo
913 2556 946 2592 4.
970 2563 1150 2604 r=Quid
1181 2564 1343 2607 siquis
1376 2563 1472 2593 iret
1495 2574 1559 2594 ve-

130 2599 293 2646 prudens
325 2599 448 2633 beatus
479 2609 545 2632 est.
614 2600 672 2634 1²3.
694 2620 738 2626 -—
760 2601 825 2634 hoc
870 2603 1058 2639 loa-itatem.
1122 2609 1165 2641 ⁵233
1175 2626 1217 2631 —
1228 2609 1295 2643 nn.
1309 2618 1349 2638 ex
1362 2605 1400 2637 ci.
1411 2606 1502 2649 Lips.
1512 2622 1558 2634 =

136 2644 246 2677 modo.
314 2645 344 2677 R
359 2645 436 2690 (lit.)
447 2645 498 2677 rG
512 2646 535 2677 P
547 2643 576 2677 l.
593 2643 627 2678 3.
638 2643 669 2679 4-
693 2647 758 2680 ΞΒ
779 2661 825 2674 =
870 2649 1088 2684 velocitatem
1110 2663 1211 2683 suam
1230 2653 1262 2682 L
1272 2663 1294 2682 a
1305 2652 1329 2683 d
1340 2663 1362 2682 a
1374 2663 1392 2683 s
1417 2651 1472 2695 (de
1484 2654 1560 2684 La-

135 2689 394 2734 Peripatetici
417 2691 571 2735 quidam.
618 2691 708 2724 ffl=
722 2691 825 2724 Peri·
870 2694 919 2726 da
944 2706 1077 2728 cursore
1110 2695 1323 2727 celeberrimo
1354 2692 1398 2728 cf.
1428 2703 1562 2740 praeter

134 2734 303 2778 patetici
325 2736 386 2780 qui
395 2736 420 2768 d
429 2735 453 2767 d
464 2748 532 2768 am.
578 2746 607 2766 w
615 2750 661 2762 =
670 2736 826 2781 Peripa·
871 2738 953 2770 alios
964 2739 1017 2771 Fr.
1028 2740 1146 2772 Jacobs
1159 2740 1201 2771 ad
1211 2740 1315 2774 Anall.
1328 2742 1388 2781 111,
1401 2739 1433 2773 2.
1446 2753 1478 2784 p.
1491 2740 1558 2784 58.)

140 2785 189 2810 tet
197 2779 239 2810 ic
249 2779 265 2810 i
293 2792 315 2824 q
326 2792 349 2812 ιι
359 2792 382 2812 a
396 2794 414 2812 e
423 2781 518 2813 dam.
598 2780 624 2812 P
637 2778 668 2813 1.
681 2778 715 2813 3.
727 2778 760 2819 4.
780 2796 826 2809 =
872 2789 906 2815 et
935 2784 1118 2816 confirmari
1151 2784 1282 2816 videtur
1312 2785 1415 2829 Lipsii
1445 2786 1562 2818 conie-

137 2824 288 2867 respond
297 2836 317 2857 e
327 2838 346 2857 r
354 2837 377 2858 u
387 2837 411 2858 n
420 2834 446 2858 t.
873 2833 964 2860 ctura
985 2828 1082 2861 codd.
1108 2831 1172 2871 αγδ
1185 2845 1229 2857 =
1244 2830 1307 2862 vel.
1332 2842 1433 2862 suam
1462 2831 1507 2863 la
1519 2842 1562 2862 ιι-
