1742 3094
172 183 256 227 212
628 182 671 220 L.
701 181 898 222 ANNAEI
929 182 1157 222 SENECAE

175 298 264 339 dine
286 303 418 338 tamen
441 307 529 335 mea
553 294 854 350 circumspicere
884 295 996 350 coepi
1035 308 1085 335 an
1115 294 1259 349 aliquid
1286 294 1366 336 illic
1393 295 1610 336 inuenirem

175 365 276 421 quod
297 363 390 405 mihi
410 368 544 418 posset
562 362 665 403 bono
690 375 800 414 esse,
834 369 874 403 et
897 362 1027 403 direxi
1051 363 1186 405 oculos
1211 363 1252 403 in
1275 362 1406 404 uillam
1426 376 1524 418 quae
1541 363 1610 404 ali-

141 448 157 473 3
176 433 326 489 quando
351 429 489 473 Uatiae
520 430 606 471 fuit.
667 427 714 470 In
739 429 810 470 hac
839 430 904 470 ille
936 430 1155 486 praetorius
1184 431 1294 471 diues
1330 431 1436 471 nulla
1466 430 1544 471 alia
1566 444 1609 471 re

176 515 290 556 quam
309 499 388 541 otio
411 505 526 539 notus
546 498 752 538 consenuit
770 505 810 538 et
830 497 878 538 ob
893 498 967 538 hoc
987 513 1106 539 unum
1122 499 1219 539 felix
1236 498 1463 539 habebatur.
1505 496 1611 539 Nam

175 568 353 624 quotiens
375 566 525 621 aliquos
555 565 750 606 amicitiae
772 563 905 606 Asinii
930 564 1056 618 Gaui,
1099 566 1278 621 quotiens
1303 564 1440 607 Seiani
1464 566 1609 617 odium,

175 636 314 678 deinde
335 648 445 675 amor
463 639 671 685 merserat,
696 633 846 687 (aeque
864 633 967 674 enim
982 634 1195 675 offendisse
1209 634 1316 675 illum
1333 647 1445 689 quam
1460 646 1613 674 amasse

174 702 437 760 periculosum
460 701 571 755 suit,)
603 700 877 741 exclamabant
899 700 1104 757 homines:
1141 700 1182 744 0
1217 700 1365 753 Uatia,
1394 702 1511 743 solus
1529 701 1614 743 scis

174 773 337 814 uiuere.
395 768 454 810 At
470 768 535 810 ille
557 766 680 809 latere
703 767 866 819 sciebat,
899 782 979 808 non
997 768 1149 809 uiuere.
1208 766 1379 810 Multum
1403 775 1533 810 autem
1554 768 1614 809 in-

142 853 159 880 4
177 845 301 880 terest
328 844 457 879 utrum
487 836 567 877 uita
593 842 661 877 tua
696 835 824 877 otiosa
857 836 909 877 sit
936 849 986 877 an
1011 836 1170 891 ignaua.
1240 834 1463 891 Numquam
1502 835 1615 876 aliter

177 907 275 949 hanc
298 906 431 947 uillam
449 902 567 946 Uatia
584 904 677 945 uiuo
707 904 966 958 praeteribam
981 936 992 956 ,
1036 918 1148 959 quam
1170 910 1214 944 ut
1236 896 1432 945 dicerem:
1485 902 1615 945 Uatia

174 975 243 1015 Mc
265 976 369 1016 situs
393 977 467 1014 est.
527 970 607 1014 Sed
637 971 733 1012 adeo
749 1004 760 1023 ‚
795 971 848 1012 mi
875 969 1032 1023 Lucili,
1063 971 1305 1027 philosophia
1325 985 1481 1014 sacrum
1507 971 1614 1026 quid-

177 1043 265 1083 dam
287 1048 348 1083 est
369 1048 409 1081 et
425 1039 674 1090 uenerabile,
707 1045 750 1079 ut
773 1039 890 1080 etiam
906 1070 917 1090 ,
951 1039 985 1080 si
1005 1039 1095 1093 quid
1119 1039 1175 1079 illi
1195 1039 1320 1080 simile
1338 1046 1423 1094 hest,
1457 1038 1615 1081 menda-

177 1110 239 1151 cio
266 1109 431 1165 placeat.
495 1104 678 1149 Otiosum
696 1106 800 1147 enim
821 1105 1016 1147 hominem
1034 1106 1237 1147 seductum
1257 1106 1458 1148 existimat
1475 1106 1614 1161 uolgus

177 1184 216 1219 et
237 1191 420 1218 securum
447 1182 487 1216 et
509 1189 553 1216 se
571 1181 801 1215 >contentum
817 1206 828 1226 ,
859 1173 947 1214 'sibi
971 1174 1199 1225 uiuentem,
1242 1188 1406 1228 quorum
1429 1174 1525 1215 nihil
1550 1173 1614 1214 ulli

145 1263 161 1289 5
180 1245 408 1299 contingere
434 1242 511 1284 nisi
542 1242 710 1297 sapienti
740 1248 883 1296 potest.
944 1240 1016 1282 Ille
1044 1240 1198 1296 quidem
1222 1241 1328 1282 nulla
1350 1255 1394 1282 re
1426 1242 1615 1283 sollicitus

179 1312 256 1353 scit
272 1311 346 1353 sibi
366 1311 500 1352 uiuere
516 1328 526 1351 ε
559 1310 624 1351 ille
642 1309 762 1362 enim,
795 1309 897 1364 quod
916 1315 976 1349 est
995 1308 1176 1364 primum,
1209 1308 1286 1349 scit
1300 1308 1452 1350 uiuere.
1511 1307 1617 1350 Nam

180 1381 244 1435 qui
271 1394 335 1420 res
364 1386 403 1420 et
424 1377 602 1419 homines
625 1377 750 1432 fugit,
794 1390 907 1431 quem
938 1376 1188 1432 cupiditatum
1219 1390 1379 1417 suarum
1411 1376 1617 1417 infelicitas

181 1447 400 1502 relegauit,
434 1446 498 1501 qui
526 1445 625 1486 alios
651 1444 847 1486 feliciores
870 1444 1006 1485 uidere
1036 1459 1121 1485 non
1146 1445 1296 1501 potuit,
1339 1444 1403 1499 qui
1433 1445 1540 1485 uelut
1569 1444 1616 1485 ti-

179 1515 324 1556 midum
346 1521 461 1569 atque
482 1514 590 1554 iners
610 1512 753 1553 animal
770 1519 876 1553 metu
898 1512 1073 1564 oblituit,
1105 1513 1171 1553 ille
1191 1512 1266 1553 sibi
1284 1526 1363 1552 non
1386 1511 1497 1564 uiuit,
1529 1511 1614 1563 sed,

145 1600 163 1626 c
180 1583 281 1638 quod
304 1589 365 1623 est
386 1580 651 1636 turpissimum
666 1611 677 1630 ‚
701 1579 840 1620 'uentri
855 1610 866 1629 ‚
899 1593 1054 1631 somno,
1087 1579 1251 1620 libidini.
1311 1578 1406 1620 Non
1432 1579 1615 1619 continuo

178 1650 253 1691 sibi
271 1649 370 1690 uiuit
394 1649 460 1704 qui
484 1647 644 1689 nemini.
705 1646 820 1687 Adeo
843 1653 975 1687 tamen
993 1660 1138 1701 magna
1160 1660 1225 1686 res
1251 1653 1312 1686 est
1337 1646 1554 1687 constantia
1577 1653 1616 1686 et

178 1718 219 1759 in
241 1716 440 1773 proposito
468 1730 541 1757 suo
578 1714 898 1771 perseuerantia,
945 1720 987 1755 ut
1015 1714 1157 1755 habeat
1181 1713 1451 1754 auctoritatem
1473 1713 1615 1754 inertia

179 1798 332 1840 quoque
354 1784 550 1839 pertinax,
610 1781 674 1823 De
693 1782 778 1837 ipsa
799 1781 891 1823 uilla
912 1781 1008 1823 nihil
1027 1781 1097 1822 tibi
1119 1792 1279 1837 possum
1298 1781 1395 1822 certi
1414 1781 1611 1822 scribere:

181 1854 351 1894 frontem
375 1852 479 1893 enim
501 1850 585 1892 eius
607 1856 755 1891 tantum
778 1849 872 1890 noui
905 1856 945 1890 et
965 1849 1146 1904 exposita
1175 1862 1276 1904 quae
1307 1848 1478 1890 ostendit
1499 1848 1615 1889 etiam

225 1966 254 1999 'X
265 1980 309 1994 ==
320 1977 342 1997 u
352 1963 396 1998 bi
418 1963 558 2009 aliquid
579 1963 616 1996 in
622 1963 786 1996 venirem.
850 1962 875 1995 P

180 2012 208 2046 21
223 2026 267 2039 =
279 2018 402 2057 posset
433 2009 453 2042 b
466 2021 485 2042 o
496 2022 518 2042 n
528 2021 595 2042 um
627 2020 717 2041 esse.
788 2007 820 2040 G
831 2022 875 2035 =

180 2068 203 2088 a
213 2069 232 2088 r
245 2069 264 2089 r
275 2069 326 2089 ex
337 2057 352 2088 i
375 2055 503 2088 oculos.

224 2110 257 2144 3.
282 2123 305 2155 p
316 2130 359 2136 —
368 2112 415 2143 In
443 2110 512 2142 hac
523 2127 570 2135 —-
584 2110 779 2143 consenuit.
847 2110 875 2141 E

180 2171 224 2185 ιε
236 2164 308 2189 otto
327 2167 354 2188 n
364 2168 388 2188 a
396 2163 411 2188 t
421 2166 444 2187 u
453 2167 482 2188 s.

224 2212 408 2246 amicitiae
418 2225 462 2239 =
472 2209 684 2253 PpPr.waE
706 2208 876 2253 antiquio-

179 2270 232 2292 res
255 2264 290 2290 et
310 2257 381 2290 fere
403 2266 516 2288 omnes
538 2255 657 2299 reliqui
671 2266 709 2297 ρρ
728 2253 786 2287 P2.
802 2253 873 2286 Col.

180 2305 209 2339 (ξ
222 2308 251 2341 ι.
264 2306 300 2341 2,
366 2301 452 2333 Ren.
477 2311 551 2333 cum
569 2300 660 2332 Pinc.
682 2315 727 2327 =
745 2299 875 2332 amici-

179 2350 260 2382 tia.
328 2347 445 2379 B=a
464 2346 570 2378 sinu
593 2345 703 2377 Galli.
771 2345 874 2379 rX=

181 2407 199 2428 s
210 2407 229 2427 e
251 2394 266 2426 i
276 2405 300 2426 a
309 2404 344 2425 m
364 2392 493 2424 odium.
560 2389 754 2423 GP1.3.=e
762 2401 795 2422 m
806 2402 825 2422 e
833 2402 874 2423 r—

180 2447 289 2473 serat.
313 2438 342 2473 ‘tt
352 2453 398 2466 =
411 2437 457 2469 in
464 2445 479 2468 ι
490 2448 509 2468 e
519 2447 539 2467 r
550 2443 660 2468 serat.

222 2485 387 2518 Puteanus
415 2481 552 2525 legit=
565 2492 676 2526 aeque
706 2480 801 2513 enim
822 2491 843 2512 o
853 2497 874 2504 -

180 2529 331 2562 disse.
378 2527 724 2560 G=ostendisse.
792 2526 877 2557 B=

180 2575 336 2608 Multum
358 2581 477 2606 autem
503 2583 522 2604 e
530 2583 549 2603 s
559 2579 574 2603 ι
596 2580 724 2604 utrum.
794 2570 877 2606 ἘΞ

180 2632 235 2653 au
245 2628 259 2652 t
281 2621 431 2665 ignava.
468 2617 554 2649 G=
566 2617 689 2662 ignav
700 2617 759 2649 ia.

223 2672 256 2707 4.
280 2675 356 2708 Pr.b
367 2690 411 2702 =
429 2674 466 2708 V
462 2672 540 2706 atid
562 2673 654 2705 vivo.
696 2671 727 2703 G
735 2687 781 2700 =
798 2673 876 2706 Va-

180 2729 195 2754 t
207 2721 295 2753 iam
319 2721 412 2753 vivo.
475 2717 682 2754 X=menda
695 2718 769 2751 cia
788 2729 876 2751 non

176 2766 332 2812 placeat.

226 2820 296 2856 sibi
317 2821 492 2855 viventem
501 2834 547 2849 ε
556 2829 633 2852 mss.
644 2818 680 2855 θί
690 2835 736 2844 -
746 2819 829 2855 ΒΘ.

966 1963 996 1998 Ἰί
1011 1966 1046 2001 4-
1060 1954 1082 1994 ⁴e
1093 1970 1108 1994 t
1128 1960 1198 1995 sibi
1217 1961 1401 1994 viventem.
1425 1961 1616 1999 QL-fflta

926 2012 961 2047 4-
978 2007 1047 2041 sibi
1056 2019 1078 2052 q
1088 2019 1110 2039 ιι
1122 2020 1140 2040 e
1163 2007 1350 2041 viventem.

965 2063 998 2096 5.
1022 2065 1048 2095 B
1060 2082 1103 2088 —
1114 2064 1184 2095 Ille
1210 2061 1486 2108 quidem—sibi
1514 2062 1616 2094 vive-

921 2121 972 2141 re.
1040 2109 1197 2151 Pperv
1206 2109 1358 2144 m&1.—
1370 2108 1508 2151 quidem
1531 2107 1614 2138 nul-

921 2154 959 2186 la
979 2165 1029 2186 re.
1053 2152 1088 2184 in
1109 2165 1126 2184 r
1149 2152 1190 2184 al.
1205 2163 1249 2183 m.
1262 2151 1429 2195 supplevit
1441 2152 1542 2184 nulla
1563 2163 1613 2184 re.

966 2208 1152 2241 sollicitus.
1187 2206 1222 2239 iu
1242 2208 1269 2240 P
1288 2206 1422 2239 litterae
1441 2207 1519 2240 licit
1538 2213 1615 2240 sunt

921 2265 1042 2286 erasae.
1109 2253 1185 2285 Pr.a
1207 2271 1249 2277 —
1271 2252 1334 2285 ille
1370 2253 1464 2285 enim
1483 2271 1529 2277 -
1547 2253 1615 2285 scic

920 2301 1052 2335 vivere.
1117 2299 1193 2330 Pr.a
1208 2297 1286 2329 Gwr
1297 2296 1371 2330 cod.
1382 2297 1615 2330 Amstelod.=

918 2343 1132 2390 religavit.
1209 2343 1292 2374 B=
1305 2351 1348 2376 et
1381 2343 1483 2376 iners
1516 2349 1550 2376 et
1569 2359 1614 2372 =

919 2390 934 2422 i
945 2390 962 2422 I
970 2389 986 2422 I
993 2391 1008 2422 i
1017 2390 1098 2422 tuit.

963 2442 997 2478 6.
1023 2444 1247 2480 PX=Adeo
1275 2452 1369 2477 tam
1400 2456 1547 2491 magna.
1585 2457 1614 2478 w

921 2506 967 2519 =
976 2490 1078 2524 Adeo
1100 2503 1119 2523 e
1129 2491 1218 2523 nim
1231 2501 1388 2536 *mag-na.

966 2547 1006 2579 in
1027 2547 1210 2592 proposito
1229 2557 1304 2579 suo.
1339 2557 1375 2580 νο
1385 2563 1431 2570 -
1441 2557 1516 2578 suo.
1585 2556 1614 2577 w

921 2608 967 2622 =
976 2601 1058 2625 auct
1069 2604 1088 2625 ο
1100 2605 1120 2624 r
1130 2605 1149 2625 e
1159 2604 1192 2624 m
1216 2591 1360 2624 inertia.
1384 2591 1455 2622 B—
1465 2590 1612 2623 inertia.

967 2650 1041 2672 v=
1058 2647 1336 2683 quamquam
1364 2635 1546 2680 pertinax.

921 2684 957 2719 {R
967 2698 1013 2711 =
1023 2695 1045 2715 u
1056 2691 1072 2715 t
1092 2683 1264 2728 exposita.
1295 2681 1406 2718 1402
1426 2680 1526 2712 eius
1549 2692 1614 2713 ex-

920 2729 1051 2774 posita.
1131 2729 1161 2763 2(
1174 2755 1177 2761 k
1189 2731 1223 2766 -1-
1250 2724 1518 2762 transeuntibus
1555 2725 1581 2758 d
1591 2737 1612 2758 e

920 2774 1079 2825 longe.
1135 2772 1178 2806 .V
1198 2787 1245 2796 —·
1261 2772 1317 2803 De
1347 2770 1428 2816 ipsa
1456 2770 1548 2804 villa
1566 2786 1613 2795 —-

920 2818 1121 2865 porrzgitur
1135 2816 1166 2861 §.
1176 2813 1210 2850 7.
