1742 3094
179 211 231 255 16
634 212 677 252 L.
708 213 905 254 ΑΝΝΑΕΙ
936 215 1165 256 SENECAE

175 324 289 367 solidi
317 324 403 366 auri
433 325 630 367 caelatura
657 325 928 369 descenderit:
970 328 1042 369 sed
1070 342 1149 370 non
1178 335 1357 384 putemus
1386 328 1618 385 frugalitatis

173 392 359 434 indicium
376 407 473 434 auro
494 401 735 449 argentoque
754 394 944 436 caruisse.
995 392 1041 436 Id
1057 410 1217 451 agamus
1231 428 1242 448 ,
1275 403 1318 437 ut
1336 396 1539 438 meliorem
1558 397 1618 438 ui-

175 467 254 502 tam
277 474 487 515 sequamur
511 475 624 516 quam
646 462 811 517 uolgus,
843 477 924 503 non
953 469 996 504 ut
1024 464 1285 505 contrariam:
1317 463 1490 519 alioquin
1518 478 1617 520 quos

141 539 159 565 ³
177 529 376 569 emendari
393 529 595 581 uolumus,
627 529 805 589 fugamus
827 543 851 570 a
866 530 980 572 nobis
1001 537 1041 571 et
1061 532 1290 572 auertimus.
1340 529 1442 573 Illud
1465 544 1619 586 quoque

175 596 361 638 efficimus
377 628 388 648 ,
420 603 463 638 ut
483 597 579 638 nihil
599 597 743 638 imitari
761 597 884 638 uelint
904 598 1052 650 nostri,
1087 599 1176 639 dum
1199 599 1339 640 timent
1358 612 1410 640 ne
1431 598 1619 640 imitanda

173 663 254 705 sint
274 664 418 705 omnia.
466 663 555 705 Hoc
576 665 742 720 primum
763 665 1005 721 philosophia
1020 666 1231 721 promittit,
1265 680 1426 708 sensum
1446 680 1618 707 commu-

172 745 285 784 nem,
315 732 593 773 humanitatem
612 739 652 773 et
667 733 1028 788 congregationem.
1089 747 1113 774 a
1136 747 1212 789 qua
1234 733 1480 789 professione
1503 733 1618 775 dissi-

171 799 347 840 militudo
376 813 449 840 nos
476 799 686 854 separabit.
746 798 982 852 Uideamus,
1014 813 1067 841 ne
1085 800 1162 841 ista
1185 814 1257 856 per
1276 814 1376 855 quae
1397 799 1620 842 admiratio-

174 881 265 908 nem
292 880 431 922 parare
456 866 637 907 uolumus
652 898 663 918 ,
694 866 858 907 ridicula
881 874 921 908 et
945 867 1082 908 odiosa
1105 867 1199 908 sint.
1258 866 1415 923 Nempe
1443 867 1620 923 proposi-

141 949 158 976 4
175 941 256 976 tum
282 940 460 975 nostrum
484 940 546 975 est
571 934 786 975 secundum
809 940 986 975 naturam
1009 933 1163 975 uiuere.

171 1017 255 1044 ram
275 1009 337 1043 est
354 1009 541 1057 torquere
561 1015 703 1057 corpus
725 1016 838 1043 suum
858 1008 899 1042 et
914 1001 1048 1043 faciles
1068 1001 1200 1042 odisse
1218 1001 1427 1042 munditias
1449 1008 1488 1042 et
1505 1014 1620 1056 squa-

171 1070 297 1111 lorem
319 1070 503 1126 adpetere
522 1076 562 1109 et
582 1069 679 1110 cibis
703 1082 783 1110 non
803 1075 952 1109 tantum
970 1068 1113 1110 uilibus
1133 1068 1190 1109 uti
1202 1100 1213 1120 ,
1247 1069 1318 1109 sed
1335 1068 1449 1110 tetris
1472 1075 1512 1110 et
1528 1068 1620 1110 hor-

170 1137 283 1180 ridis.
346 1136 680 1192 Quemadmodum
702 1135 928 1178 desiderare
949 1136 1134 1177 delicatas
1155 1149 1222 1177 res
1245 1135 1425 1177 luxuriae
1449 1142 1549 1187 est,⁸
1564 1135 1621 1177 ita

170 1205 334 1247 usitatas
356 1211 397 1246 et
417 1218 496 1245 non
517 1218 658 1259 magno
682 1203 874 1260 parabiles
894 1204 1032 1259 fugere
1053 1203 1285 1244 dementiae.
1336 1201 1619 1258 Frugalitatem

173 1273 299 1328 exigit
313 1271 571 1328 philosophia,
603 1285 683 1312 non
701 1285 888 1327 poenam:
921 1277 1051 1327 potest
1067 1277 1197 1311 autem
1217 1283 1307 1312 esse
1325 1285 1406 1312 non
1421 1270 1618 1326 incompta

170 1340 388 1396 frugalitas.
450 1338 527 1381 Hic
552 1338 647 1379 mihi
670 1339 808 1380 modus
832 1339 973 1394 placet.
1034 1336 1297 1393 Temperetur
1314 1337 1398 1381 uita
1419 1337 1524 1379 inter
1545 1337 1618 1379 bo-

1224 933 1314 975 Hoc
1344 941 1482 976 contra
1508 940 1620 975 natu-
1667 963 1671 966 -

172 1455 206 1490 (ὃ
227 1469 274 1482 =
297 1465 382 1486 nec
404 1452 502 1486 sord.
526 1465 559 1498 q.
607 1454 686 1496 Arg.
722 1452 743 1485 b
776 1453 805 1487 ὶί
826 1468 871 1482 =

172 1510 263 1532 non
285 1498 382 1532 sord.
408 1510 442 1543 q.
483 1498 515 1530 V
536 1514 583 1522 --·
603 1498 755 1543 quidem.

219 1555 258 1588 in
278 1555 383 1601 quod.
417 1553 490 1597 Pbg
504 1554 593 1604 GEe
610 1553 659 1586 Rr
676 1555 708 1587 T
728 1555 795 1587 Sbc
817 1556 870 1587 Pr.

171 1599 558 1679 {kssai‘sff‘gssfis‘s'ss
573 1599 794 1676 ἳὲᾱέὲξέἓὲᾶ
806 1601 871 1677 ὃῦἓ

171 1702 238 1736 quo
259 1696 294 1723 et
314 1690 408 1734 quod
430 1688 575 1722 confusis
606 1688 674 1721 vid.
700 1689 805 1722 Drkb.
829 1689 872 1723 ad

170 1735 247 1769 Liv.
265 1735 432 1775 XXXVI,
451 1732 508 1775 33,
529 1732 562 1766 3.
632 1735 659 1766 B
680 1747 871 1781 =argen=

171 1781 212 1815 ti.
247 1781 278 1816 Ἰί
297 1795 343 1809 =
363 1779 587 1813 descendat.

215 1836 447 1870 contrariam.
472 1836 585 1869 Germ.
601 1850 648 1865 =
661 1844 806 1870 contrat
814 1836 830 1870 i
838 1848 871 1870 a.

170 1882 200 1924 3
218 1897 265 1911 ==
286 1890 433 1915 contrat
442 1882 458 1914 i
466 1893 490 1914 u
499 1893 545 1914 m.

216 1939 391 1985 alioquin.
413 1939 445 1971 T
455 1938 485 1973 (ξ
497 1941 528 1975 1.
538 1954 585 1962 ·-
595 1938 660 1973 {md
669 1953 715 1968 =
725 1938 870 1984 alioqui.

217 1995 412 2029 emendari.
445 1994 496 2026 Ge
518 1993 553 2038 (p
565 1994 664 2037 ιω.)
683 1995 781 2040 αβτΡ
794 1994 824 2028 1.
835 1993 870 2028 3.

171 2038 205 2076 4.
241 2042 319 2077 2=
339 2038 490 2073 emenda
500 2051 519 2071 r
529 2050 559 2071 e.
590 2040 616 2072 P
625 2038 650 2072 2
659 2055 706 2068 =
720 2041 869 2073 imitari.

206 2096 259 2148 fu
287 2123 296 2131 .
320 2109 345 2130 a
366 2095 466 2129 nobis
487 2103 523 2128 et
542 2103 656 2130 aven.
682 2096 732 2140 (P.
747 2095 777 2128 1.
789 2094 823 2129 3.
835 2093 868 2129 4.

171 2142 265 2175 Col..
314 2143 448 2179 QL—
467 2141 532 2174 §mu
550 2139 695 2185 =fug.
721 2148 870 2173 erano-

169 2187 227 2220 bis
244 2194 357 2220 avert.
383 2187 404 2231 β
422 2200 469 2213 =
477 2184 581 2230 fuga
591 2184 612 2217 b
622 2185 636 2216 i
646 2196 679 2217 m
690 2196 743 2217 us
759 2196 783 2217 a
803 2196 870 2218 no-

170 2232 226 2266 bis
246 2240 281 2265 et
302 2243 390 2265 aver
400 2238 416 2263 t
427 2243 446 2263 e
457 2242 492 2263 m
501 2241 524 2262 u
536 2242 565 2263 s.

213 2286 248 2322 3.
285 2301 304 2321 e
335 2287 472 2320 icimus.
513 2286 544 2319 G
564 2301 611 2316 =
633 2284 868 2330 efficiemus.

168 2334 200 2367 T
219 2349 265 2362 =
304 2333 449 2366 ecimus.

214 2390 328 2424 velint
350 2390 382 2423 V
396 2404 443 2417 =
462 2387 588 2422 nolint.

214 2458 239 2480 a
256 2457 326 2492 qua
370 2444 498 2491 rofess.
535 2446 565 2476 A
582 2461 629 2469 ·-
645 2444 869 2490 professione

168 2503 259 2524 mm.
294 2492 320 2524 P
334 2457 425 2524 1P=
446 2503 470 2523 a
488 2501 558 2534 qua
576 2490 755 2536 professio
766 2502 823 2522 nu
835 2503 869 2523 m

169 2539 259 2572 diss.
297 2537 431 2574 &L—
463 2536 564 2571 fflt=
587 2547 618 2579 a·
633 2547 702 2581 qua
722 2535 869 2581 profes-

169 2583 310 2617 sionis
343 2582 434 2615 diss.
465 2579 659 2626 separabit.
695 2581 774 2615 2—
796 2582 830 2616 ὦ

169 2644 215 2662 ==
234 2641 268 2660 ω
286 2646 333 2653 —
357 2638 432 2660 nos.
458 2626 763 2672 Vb=separat.

214 2672 385 2708 ridicula.
421 2672 452 2704 G
464 2671 492 2715 (s
509 2671 561 2715 ω)
584 2673 687 2715 αγζοτ
704 2686 750 2700 =
770 2671 868 2704 ridi-

169 2720 350 2755 culosa.
400 2729 419 2750 e
438 2732 486 2746 =
507 2717 676 2750 ridiculo
698 2725 732 2749 et
756 2717 866 2750 odio.

216 2765 306 2798 G—
331 2764 368 2797 V
365 2763 586 2796 ideamus-
606 2762 774 2795 volumus.
823 2772 827 2773 ⁷

215 2811 300 2845 sint.
335 2809 380 2845 ‘R
401 2823 447 2838 =
461 2807 575 2852 fiant.

212 2866 352 2902 propos.
374 2861 543 2888 nostrum.
580 2852 611 2886 G
631 2869 677 2879 -
697 2860 866 2887 nostrum.

962 1450 994 1484 4.
1020 1463 1146 1497 corpus
1157 1451 1274 1484 suum.
1299 1451 1413 1484 Germ.
1430 1465 1477 1479 =
1491 1462 1618 1496 corpus

917 1505 1058 1530 tuum.
1104 1508 1127 1539 p
1146 1512 1191 1524 =
1211 1495 1408 1541 etfacile
1440 1496 1561 1529 odisse
1583 1504 1618 1530 et

919 1541 1256 1574 insidias.sm.
1382 1572 1389 1576 ἡ

965 1587 997 1618 G
1014 1601 1060 1614 =
1080 1586 1264 1619 nundinas
1283 1597 1375 1618 mm.

963 1631 1105 1665 vilibus.
1142 1643 1161 1664 e
1181 1646 1227 1660 =
1249 1632 1345 1664 vilio
1354 1630 1430 1663 rib
1440 1642 1463 1663 u
1472 1643 1502 1664 s.

962 1678 1078 1709 tetris.
1115 1677 1164 1720 Pp
1175 1679 1227 1720 Ag
1246 1677 1276 1711 1
1294 1692 1341 1705 =
1362 1677 1483 1710 certis.
1517 1676 1550 1710 T
1569 1687 1618 1713 uu.

917 1737 963 1750 =
980 1722 996 1754 i
1005 1733 1028 1754 n
1038 1722 1158 1754 certis.
1179 1724 1363 1765 ayezzArg.
1383 1721 1406 1753 b
1421 1736 1467 1750 =
1478 1721 1614 1754 crudis.

920 1768 1000 1806 G4-
1027 1766 1109 1800 sed
1134 1768 1284 1799 etiam
1317 1767 1489 1801 horridis.
1531 1778 1551 1799 e
1570 1781 1617 1796 =

917 1813 1024 1845 tertis
1053 1811 1114 1845 vel
1133 1813 1269 1845 teteriS.
1307 1813 1346 1844 ,Β
1373 1816 1407 1850 -ὶ-
1436 1812 1544 1845 tetris
1572 1825 1592 1845 e
1601 1820 1617 1845 ε

919 1857 1143 1891 sordidis
1160 1865 1195 1890 et
1218 1857 1315 1891 horr.
1349 1858 1434 1890 E=
1457 1857 1612 1891 virili-

919 1902 983 1936 bus
1003 1903 1058 1935 uti
1075 1910 1110 1935 et
1131 1902 1252 1935 certis.

963 1947 1136 1980 lzorridis.
1172 1948 1204 1980 V
1216 1962 1263 1976 =
1283 1947 1458 1982 sordidis.

962 1992 1078 2026 desid.
1103 1992 1281 2025 delicatas
1303 2005 1374 2025 res.
1416 1993 1464 2025 Rr
1476 1992 1554 2027 G&
1569 2009 1617 2020 ·-·

917 2038 982 2073 §.ma
1004 2053 1051 2066 =
1073 2037 1178 2070 delio.
1217 2050 1276 2071 res
1307 2037 1425 2071 desid.
1467 2038 1550 2078 αζοτ
1569 2052 1616 2066 =

912 2091 1030 2128 pete
1045 2095 1095 2115 re
1118 2082 1326 2115 delicatos
1348 2081 1499 2116 cibos.
1537 2082 1614 2114 cod.

916 2129 934 2160 J
937 2127 1022 2159 ureti
1032 2142 1078 2156 ·=
1088 2127 1298 2160 desiderare
1315 2126 1470 2160 delicias
1481 2139 1540 2160 res
1555 2127 1616 2160 lu-

916 2173 1044 2205 xuriae
1067 2180 1133 2205 est.

961 2217 1136 2251 luxuriae.
1183 2219 1262 2260 Arg.
1286 2216 1308 2249 b
1371 2232 1417 2245 =
1435 2217 1612 2251 luxuria.

915 2273 994 2305 g=
1015 2262 1200 2295 luxoria.
1238 2273 1317 2296 τε
1337 2261 1566 2296 luxuriosi.

961 2308 1025 2340 ita.
1058 2319 1081 2350 p
1093 2323 1138 2336 =
1157 2315 1241 2340 tam.

956 2352 1152 2398 parabiles.
1200 2352 1232 2385 G
1254 2352 1280 2385 P
1302 2350 1333 2384 1.
1355 2351 1389 2386 3.
1415 2352 1474 2397 (cr.
1500 2350 1553 2396 ω)
1577 2350 1612 2385 4.

914 2409 932 2432 0
948 2412 995 2427 =
1014 2407 1130 2444 parat
1141 2408 1162 2430 0
1171 2409 1200 2430 S.

960 2443 1171 2477 dementiae.
1195 2443 1256 2475 GR
1266 2443 1298 2476 T
1307 2444 1352 2476 Sc
1363 2443 1430 2478 xm
1438 2460 1484 2468 ·-
1493 2443 1559 2478 mle
1571 2447 1607 2482 -l-

915 2497 980 2522 est.
1005 2500 1023 2521 e
1037 2504 1083 2517 =
1102 2488 1299 2522 dementia
1319 2496 1398 2522 est.
1423 2490 1488 2520 Sw.
1506 2488 1613 2521 refert

912 2533 948 2566 in
982 2536 1060 2578 Arg.
1082 2534 1103 2566 b
1128 2545 1199 2566 esse
1223 2532 1315 2578 quod
1336 2532 1499 2566 edidimus
1509 2557 1518 2574 ,
1551 2533 1611 2566 sed

834 2583 866 2619 1,
913 2578 1025 2611 Oberl.
1048 2579 1130 2623 legit
1151 2579 1332 2613 dementia
1353 2586 1418 2614 est.

957 2626 1042 2657 A=
1054 2625 1184 2669 philos.
1206 2625 1334 2670 exigit.

957 2671 1147 2715 incompta.
1162 2698 1169 2704 .
1179 2670 1291 2703 Genu.
1309 2683 1356 2698 =
1373 2667 1610 2715 inconposita.

911 2716 932 2748 b
946 2731 991 2744 =
1013 2724 1162 2762 compta.

957 2762 1031 2794 Hic
1051 2761 1141 2794 milti
1159 2772 1203 2794 m.
1227 2759 1314 2794 21==
1335 2759 1419 2793 sed
1438 2757 1528 2792 milti
1548 2758 1611 2794 hio

913 2819 957 2840 m.
991 2818 1009 2839 r
1027 2821 1073 2835 =
1091 2805 1151 2839 hie
1169 2803 1381 2839 νποά.11ἱι”Ιιί.
1405 2814 1410 2818 ’

958 2850 1223 2886 BVG=b0n0s
1244 2857 1279 2884 et
1299 2848 1458 2895 publicos
1481 2861 1606 2884 mores.
