1742 3094
165 216 250 261 492
623 219 669 260 L.
697 218 896 259 ANNAEI
928 220 1158 260 SENECAE

495 401 543 448 L.
589 399 881 449 ANNAEI
925 401 1271 450 SENECAE

675 503 753 543 An
795 504 1090 545 LumLNJM

214 594 947 653 EPISTULARUM
1009 595 1554 654 MORALIUM

716 705 1053 752 LIBERXV.

622 876 955 921 EPISTULA
984 877 1020 920 J.
1053 882 1157 932 (93.)

546 943 705 989 Senem
734 945 900 989 Lucmo
929 961 1002 989 suo
1031 962 1222 990 SALUTEM.

277 1035 326 1078 In
345 1036 510 1092 epistula
532 1051 607 1092 qua
628 1037 675 1079 de
694 1044 820 1079 morte
839 1035 1101 1079 Metronactis
1123 1038 1341 1094 philosophi
1359 1038 1600 1093 querebaris,

163 1111 360 1160 tamquam
391 1112 431 1146 et
459 1105 654 1161 potuisset
691 1105 834 1147 diutius
865 1105 1002 1146 uiuere
1032 1112 1073 1146 et
1102 1105 1325 1158 debuisset,
1369 1105 1604 1161 aequitatem

162 1178 270 1214 tuam
295 1172 516 1214 desideraui
541 1187 640 1228 quae
659 1173 728 1214 tibi
749 1173 790 1214 in
811 1173 916 1214 omni
936 1187 1126 1229 persona,
1172 1174 1213 1214 in
1235 1174 1340 1215 omni
1356 1173 1515 1229 negotio
1539 1187 1605 1214 su—

163 1247 322 1296 perest,
353 1240 393 1281 in
415 1254 491 1282 una
510 1254 555 1282 re-
575 1241 687 1282 deest
706 1240 747 1282 in
772 1255 848 1296 qua
870 1241 1066 1282 omnibus.
1125 1239 1275 1282 Multos
1300 1240 1436 1282 inueni
1459 1246 1604 1295 aequos

165 1308 356 1349 aduersus
376 1308 554 1349 homines
569 1340 580 1361 ‚
621 1309 810 1350 aduersus
834 1309 929 1350 deos
951 1309 1162 1350 neminem.
1225 1306 1485 1364 Obiurgamus
1509 1308 1605 1349 coti-

165 1375 228 1417 die
257 1377 403 1417 fatum:
439 1375 575 1431 Quare
595 1376 662 1418 ille
683 1377 724 1418 in
749 1376 878 1418 medio
899 1390 1016 1418 cursu
1036 1383 1171 1432 raptus
1191 1378 1276 1418 est?
1305 1374 1424 1432 quare
1443 1376 1509 1417 ille
1526 1388 1606 1417 non

164 1444 342 1500 rapitur?
377 1458 498 1500 quare
539 1451 781 1486 senectutem
823 1451 863 1486 et
899 1444 973 1485 sibi
1003 1451 1042 1486 et
1073 1445 1159 1486 aliis
1196 1459 1359 1500 grauem
1398 1444 1605 1486 extendit?

130 1523 150 1551 2
166 1510 323 1563 Utrum,
349 1512 516 1554 obsecro
538 1519 591 1564 te,
617 1513 780 1568 aequius
801 1512 951 1554 iudicas
974 1520 1012 1554 te
1033 1520 1196 1554 naturae
1222 1527 1273 1555 an
1293 1513 1359 1554 tibi
1380 1527 1519 1569 parere
1537 1526 1605 1554 na-

165 1581 322 1621 turam?
353 1578 457 1633 Quid
478 1587 609 1621 autem
626 1580 794 1621 interest
812 1595 926 1634 quam
945 1580 1023 1620 cito
1039 1594 1160 1622 exeas
1181 1582 1283 1623 unde
1300 1581 1432 1636 utique
1455 1594 1606 1622 exeun-

165 1647 268 1701 dum!
296 1648 382 1688 est?
437 1646 533 1688 Non
564 1654 606 1688 ut
636 1647 700 1688 diu
729 1648 907 1688 uiuamus
946 1649 1156 1689 curandum
1188 1656 1274 1700 est,
1320 1650 1389 1690 sed
1420 1656 1461 1689 ut
1489 1648 1601 1689 satis.

162 1714 270 1757 Nam
284 1722 328 1755 ut
347 1715 412 1756 diu
433 1715 545 1757 uiuas
564 1716 642 1756 fato
662 1729 759 1771 opus
779 1722 855 1768 est,
888 1722 932 1756 ut
951 1716 1046 1756 satis
1065 1716 1210 1758 animo.
1270 1714 1411 1772 Longa
1429 1724 1490 1758 est
1505 1716 1601 1768 uita,

163 1783 200 1825 si
229 1783 344 1839 plena
373 1789 458 1824 est:
504 1783 675 1839 inpletur
713 1789 868 1835 autem,
916 1797 1003 1824 cum
1032 1784 1184 1826 animus
1214 1784 1288 1826 sihi
1318 1785 1461 1826 bonum
1491 1799 1604 1826 suum

162 1850 331 1893 reddidit
349 1857 391 1892 et
411 1851 458 1892 ad
479 1865 523 1892 se
549 1858 783 1907 potestatem
802 1851 863 1892 sui
881 1852 1091 1894 transtulit.
1153 1851 1258 1907 Quid
1282 1852 1390 1894 illum
1410 1852 1608 1908 octoginta

165 1919 414 1969 annijuuant
434 1933 505 1975 per
523 1918 705 1960 inertiam
726 1919 883 1961 exacti?
913 1934 993 1961 non
1013 1920 1115 1961 uixit
1138 1920 1230 1973 iste,
1263 1921 1332 1962 sed
1354 1921 1395 1962 in
1420 1921 1501 1962 uim
1522 1935 1605 1962 mo-

131 1994 276 2030 aratus
303 1994 386 2028 est:
435 2001 508 2028 nec
534 2001 625 2029 sero
657 1995 834 2029 mortuus
871 1994 960 2040 est,
1003 1989 1074 2030 sed
1106 1989 1184 2030 diu.
1248 1986 1459 2044 Octoginta
1492 1988 1606 2029 annis

165 2055 282 2096 uixit.
343 2052 517 2097 Interest
532 2062 698 2097 mortem
721 2056 805 2097 eius
827 2070 880 2097 ex
903 2071 979 2110 quo
1001 2056 1063 2097 die
1085 2070 1285 2098 numeres.
1345 2056 1403 2098 At
1422 2056 1487 2097 ille
1511 2055 1607 2097 obiit

165 2123 318 2164 uiridis.
382 2121 462 2165 Sed
485 2123 609 2164 officia
633 2124 725 2164 boni
750 2123 872 2175 ciuis,
903 2123 997 2165 boni
1019 2124 1159 2176 amici,
1191 2123 1283 2164 boni
1307 2123 1374 2164 filii
1393 2129 1605 2164 exsecutus

165 2197 255 2232 est:
298 2190 339 2230 in
370 2191 475 2231 nulla
503 2198 614 2245 parte
645 2191 831 2232 cessauit.
893 2189 1010 2231 Licet
1038 2198 1148 2232 aetas
1179 2191 1264 2232 eius
1292 2191 1506 2246 inperfecta
1535 2188 1601 2242 sit,

163 2257 247 2299 uita
261 2259 434 2313 perfecta
450 2264 526 2299 est.
588 2256 801 2313 Octoginta
817 2258 930 2299 annis
953 2258 1069 2299 uixit.
1130 2257 1254 2299 Immo
1275 2258 1471 2313 octoginta
1490 2257 1605 2299 annis

161 2324 251 2381 fuit
262 2328 283 2377 ,’
308 2325 384 2367 nisi
409 2326 510 2366 forte
532 2325 589 2365 sie
611 2326 772 2367 uixisse
800 2338 890 2366 eum
916 2325 1034 2378 dicis,
1069 2326 1260 2381 quomodo
1287 2325 1469 2367 dicuntur
1490 2325 1605 2367 arbo-

288 2415 364 2448 Lib.
387 2415 465 2448 XV.
512 2415 574 2458 Ep.
597 2413 627 2447 1.
655 2412 739 2459 (93.)
953 2414 987 2448 2.
1015 2415 1104 2448 GPl.
1118 2415 1152 2450 3.
1165 2415 1198 2449 4.
1219 2424 1322 2448 —-te
1346 2422 1424 2459 post
1453 2415 1603 2450 obsecro.

211 2461 278 2496 Ίίθὶ
287 2479 331 2486 -
345 2462 408 2498 OEl.
418 2477 465 2485 -
474 2468 508 2492 et
527 2465 605 2492 ante
621 2462 809 2506 potuisset.
908 2462 938 2496 ‘1
954 2466 988 2499 -ί-
1004 2462 1146 2494 iudicas
1178 2470 1214 2494 te
1237 2474 1264 2507 p
1275 2474 1297 2494 a
1309 2474 1328 2494 r
1338 2474 1356 2493 e
1366 2474 1386 2493 r
1396 2474 1415 2493 e
1438 2469 1602 2494 naturae.

211 2507 242 2541 ’Ξῖ
258 2510 292 2546 4-
310 2507 350 2538 in
371 2517 443 2538 una
465 2513 514 2537 ta
525 2517 556 2535 m
569 2517 623 2538 en
646 2518 686 2538 re
707 2507 817 2538 deest.
909 2508 975 2541 ΒΕ·
990 2512 1150 2553 10=par
1161 2519 1183 2539 a
1194 2520 1234 2540 re
1255 2515 1432 2539 naturam.
1467 2507 1558 2541 {R—
1569 2508 1603 2541 Θ

213 2551 330 2595 steph.
357 2550 414 2595 (ad
430 2550 567 2583 Dalech.
590 2552 651 2594 Ep.
672 2548 744 2594 36.)
767 2551 807 2583 ci.
824 2555 859 2590 -Ι-
909 2568 955 2581 =
970 2553 1070 2585 dum
1088 2554 1207 2598 utique
1228 2553 1422 2584 exeundum
1444 2559 1507 2583 ese.
1530 2551 1600 2589 ’Σί-ὶ-

168 2597 307 2630 Multos
351 2596 471 2629 enim
504 2595 559 2628 vel
589 2596 702 2629 Nam
737 2597 866 2630 multos
910 2598 1004 2631 unde
1022 2599 1141 2643 utique
1159 2610 1178 2630 s
1190 2598 1305 2630 emel
1322 2596 1515 2630 exeundum
1537 2603 1602 2628 ese.

167 2642 301 2675 inveni.
348 2641 456 2674 mCol.
477 2656 524 2670 =
545 2641 681 2674 Multos
707 2643 861 2675 memini.
910 2645 946 2679 {R
962 2662 1006 2668 —-
1026 2645 1058 2678 ..τ
1075 2661 1122 2668 -
1140 2651 1178 2675 ιιι
1198 2649 1276 2676 ante
1298 2643 1471 2675 vivamus.
1520 2641 1604 2675 1-

167 2688 260 2722 {R—
271 2689 303 2722 Z
316 2691 350 2725 4-
367 2695 409 2719 et
432 2688 607 2720 aduersus
636 2687 732 2721 deos.
779 2688 809 2720 R
825 2693 859 2726 4·
914 2698 967 2722 est
985 2695 1064 2733 post
1087 2689 1292 2721 curandum.
1330 2688 1483 2719 B=nec
1501 2698 1553 2719 sa
1564 2698 1604 2717 e-

170 2732 261 2765 ille
284 2740 411 2778 raptus
436 2741 500 2766 est.
550 2732 868 2779 G(mae)—quare
914 2748 933 2767 r
946 2747 965 2767 o
989 2742 1164 2767 moratus
1185 2745 1230 2766 cr.
1255 2741 1412 2765 mortuus
1432 2739 1496 2765 ese.
1543 2729 1602 2764 1²3.

170 2777 233 2810 ille
254 2789 324 2810 non
355 2778 509 2823 rapitur.
556 2779 658 2813 -ffl'-
679 2779 752 2816 51.
786 2778 869 2811 haec
912 2777 946 2812 4.
959 2780 1209 2815 ffl—OE—est
1230 2783 1307 2821 post
1328 2785 1494 2810 mortuus.

171 2822 340 2856 collocant
359 2829 436 2857 ante
453 2826 571 2866 Quare
600 2823 664 2857 ille
683 2823 723 2857 in
752 2824 869 2857 medio
958 2824 992 2858 3.
1012 2824 1294 2869 G(m<x>)-vi1a
1307 2820 1604 2867 perfecta—an-

172 2879 289 2901 σαι-εκ.
913 2870 972 2903 nis
1004 2870 1109 2904 vixit.
1157 2870 1187 2902 G
1198 2883 1244 2898 ιιι-
1257 2867 1426 2913 quomodo
1451 2866 1534 2901 dici
1545 2875 1604 2900 tur
