1742 3094
215 151 301 196 358
670 150 715 195 1..
744 150 942 194 ANNAEI
973 151 1202 193 SENECAE

187 272 205 302 6
222 278 302 306 uon
328 263 498 306 obstant.
556 261 772 307 Praeterea
792 263 969 307 condicio
988 263 1130 318 optima
1153 270 1215 308 est
1234 263 1383 307 ultimi:
1415 270 1545 319 parata
1564 278 1654 309 uer-

219 331 270 373 ba
291 331 444 373 inuenit
465 345 563 387 quae
593 331 708 374 aliter
728 331 920 373 instructa
944 345 1090 390 nouam
1114 331 1251 373 faeiem
1274 331 1432 375 habeut.
1482 347 1556 377 nee
1576 333 1654 377 illis

220 413 357 442 manus
383 399 494 443 inicit
512 390 705 454 tamquam
728 399 891 440 alienis:
925 407 1016 444 sunt
1041 400 1143 444 enim
1167 399 1344 455 publica,
1386 400 1655 445 iurisconsulti

219 474 366 522 negant
401 468 605 523 quicquam
638 467 830 522 publicum
861 467 1038 523 usucapi.
1097 466 1182 509 Aut
1207 481 1280 522 ego
1306 474 1344 509 te
1369 482 1448 511 non
1471 468 1565 513 noui
1587 476 1656 512 aut

217 533 352 579 Aetna
370 535 437 579 tibi
453 536 615 579 saliuam
634 542 781 577 mouet.
842 534 926 577 Iam
949 535 1057 590 cupis
1076 536 1224 591 grande
1241 535 1383 590 aliquid
1403 543 1443 578 et
1462 551 1533 592 par
1550 537 1655 593 prio-

217 602 326 649 ribus
348 603 538 646 seribere.
597 601 814 646 Plus-enim
835 616 994 659 sperare
1012 603 1203 646 modestia
1223 603 1291 646 tibi
1309 609 1374 645 tua
1395 618 1474 647 non
1496 605 1655 661 permit-

218 670 278 711 tit.
321 685 419 726 quae
442 678 548 712 tanta
565 671 606 712 in
631 677 670 712 te
696 677 770 722 est,
803 677 846 714 ut
867 670 1038 713 uidearis
1059 670 1154 713 mihi
1173 677 1411 714 retracturus
1430 672 1579 728 ingenii
1600 672 1655 715 tui

195 762 199 764 ἡ
219 738 327 780 uires
343 769 355 790 ‚
395 738 429 779 si
453 738 634 781 uincendi
660 738 871 792 perieulum
897 738 973 781 sit:
1019 745 1126 780 tanta
1148 738 1218 781 tibi
1239 738 1411 794 priorum
1432 740 1657 783 reuerentia

184 819 201 844 τ
222 812 296 849 est.
364 803 475 849 Inter
505 812 639 847 cetera
668 805 740 846 hoe
771 805 887 849 habet
918 806 1011 849 boni
1045 805 1260 861 sapientiaz
1305 818 1421 849 nemo
1449 807 1498 849 ab
1530 807 1655 851 altero

216 880 347 928 potest
370 873 491 926 uinci,
519 873 595 917 uisi
621 874 711 917 dum
735 873 998 917 adscenditur.
1031 888 1118 917 cum
1141 874 1188 916 ad
1203 887 1394 916 summum
1409 875 1654 929 perueneris‚

216 941 325 996 paria
342 948 447 985 sunt.
490 956 570 983 non
590 949 650 985 est
667 941 910 984 incremento
931 942 1064 984 loeus:
1091 948 1231 984 statur.
1274 940 1474 997 Numquid
1497 943 1558 984 sol
1574 958 1656 987 ma-

215 1009 408 1063 gnitudini
432 1023 528 1052 suae
550 1009 695 1051 adicit?
737 1010 919 1064 numquid
943 1010 1044 1051 ultra
1069 1024 1182 1064 quam
1209 1010 1310 1053 solet
1335 1010 1426 1052 luna
1453 1010 1657 1066 procedit?

215 1076 342 1121 maria
366 1091 444 1118 non
481 1084 678 1121 crescunt.
724 1077 889 1119 mundus
915 1077 1091 1119 eumdem
1118 1077 1287 1119 habitum
1309 1091 1355 1119 ae
1385 1078 1540 1120 modum
1571 1092 1656 1121 ser-

215 1150 297 1195 uat.
356 1142 565 1186 Extollere
585 1158 628 1186 se
646 1158 746 1199 quae
766 1144 908 1186 iustam
926 1144 1231 1199 magnitudinem
1248 1145 1447 1201 inpleuere
1467 1159 1545 1188 non
1566 1160 1656 1201 pos-

183 1226 201 1253 e
219 1218 324 1252 suut.
373 1209 621 1268 Quicumque
637 1211 783 1252 fuerint
801 1212 996 1267 sapientes
1018 1226 1133 1267 pares
1151 1219 1267 1253 erunt
1287 1219 1326 1253 et
1347 1213 1545 1267 aequales.
1591 1213 1657 1255 ha-

216 1278 324 1323 behit
351 1279 618 1335 uuusquisque
646 1293 700 1321 ex
731 1278 790 1320 his
823 1280 1000 1337 proprias
1035 1280 1171 1321 dotes:
1219 1279 1316 1322 alius
1340 1279 1415 1321 erit
1447 1280 1655 1333 affabilior,

218 1346 317 1388 alius
343 1347 584 1402 expeditior,
617 1347 716 1388 alius
738 1347 953 1402 promptior
973 1347 1011 1388 in
1034 1347 1274 1402 eloquendo,
1306 1347 1404 1388 alius
1427 1348 1654 1390 facundior:

215 1414 308 1455 illud
331 1415 379 1455 de
405 1429 480 1470 quo
503 1415 648 1471 agitur,
681 1416 782 1470 quod
803 1415 958 1457 beatum
981 1415 1088 1467 facit,
1120 1415 1281 1470 aequale
1302 1414 1343 1456 in
1364 1415 1558 1459 omuibus.
1590 1415 1655 1458 An

215 1482 349 1523 Aetna
372 1489 438 1524 tua
466 1483 591 1538 possit
612 1483 763 1524 sublabi
788 1490 827 1524 et
849 1483 890 1523 in
910 1497 954 1524 se
974 1496 1092 1524 ruere
1107 1514 1118 1534 ‚
1151 1497 1199 1524 an
1226 1483 1299 1524 hoc
1320 1483 1522 1527 excelsum
1544 1498 1657 1526 cacu-

215 1564 307 1593 men
331 1557 371 1593 et
396 1551 647 1609 conspicuum
674 1564 745 1605 per
769 1550 869 1591 uasti
902 1550 1020 1591 maris
1051 1550 1176 1606 spatia
1207 1550 1383 1592 detrahat
1415 1551 1574 1592 adsidua
1595 1552 1657 1592 uis

217 1617 380 1672 ignium,
413 1618 547 1659 neseio
567 1635 577 1658 z
611 1618 794 1659 uirtutem
819 1631 897 1658 non
916 1618 1084 1669 flamma,
1118 1631 1197 1658 non
1219 1617 1334 1658 ruina
1352 1617 1516 1659 inferius
1536 1619 1655 1660 addu-

185 1696 202 1723 9
220 1692 297 1726 cet.
358 1684 470 1726 Haec
488 1699 566 1727 una
586 1685 770 1728 maiestas
791 1685 950 1739 deprimi
973 1685 1112 1726 nescit.
1168 1698 1241 1725 nee
1264 1685 1433 1740 proferri
1458 1686 1560 1726 ultra
1584 1701 1657 1727 nee

219 1753 363 1795 referri
387 1759 530 1809 potest.
594 1750 662 1794 Sic
691 1752 804 1794 huius
833 1759 874 1793 ut
897 1752 1124 1797 coelestium
1153 1759 1296 1797 statuta
1326 1752 1550 1808 magnitudo
1581 1762 1655 1796 est.

285 1841 319 1877 6.
342 1855 371 1876 w
390 1858 436 1872 ===
459 1843 621 1877 condicio
642 1843 720 1877 inv
732 1856 750 1875 e
761 1854 783 1875 n
795 1851 808 1875 t
819 1854 841 1876 a
863 1851 916 1876 est
962 1851 1067 1876 scum.
1138 1844 1163 1875 P
1178 1858 1224 1870 =
1242 1854 1332 1888 quae
1355 1844 1402 1875 iu
1414 1851 1492 1877 xta
1513 1845 1657 1891 magni-

220 1888 250 1933 [s
261 1890 408 1934 ultimi}
433 1892 586 1923 Parata.
645 1888 760 1932 Steph.
780 1888 914 1932 (Prood.
962 1889 1120 1921 tudinem
1165 1888 1271 1934 inple
1284 1901 1303 1920 r
1313 1900 1332 1921 e
1382 1899 1451 1920 non
1495 1897 1656 1935 possunt.

218 1935 260 1974 11,
289 1933 354 1978 11.)
380 1934 420 1967 ci.
439 1950 485 1963 =
505 1935 613 1968 aliter
634 1947 651 1969 s
662 1942 702 1967 tr
713 1946 735 1969 u
745 1947 762 1965 c
773 1942 787 1966 t
798 1946 831 1967 α.
886 1934 914 1966 R
960 1934 1070 1966 Etiam
1092 1933 1212 1978 G(sm)
1234 1949 1279 1962 ==
1299 1934 1406 1979 imple
1416 1946 1435 1966 r
1446 1946 1474 1966 e.

217 1994 263 2011 ==
286 1990 413 2015 manus
443 1980 506 2014 ini
516 1992 535 2012 c
548 1980 585 2013 ii
597 1988 610 2012 ι
650 1988 831 2024 tamquam
868 1979 882 2011 i
893 1990 916 2012 n
1006 1981 1038 2013 ὅ.
1064 1991 1146 2011 w=
1158 1980 1361 2025 quicumque
1368 1978 1434 2025 fue
1443 1992 1462 2011 r
1473 1991 1494 2011 u
1504 1991 1527 2012 n
1537 1988 1562 2013 t.
1621 1980 1656 2015 θῖ

217 2026 360 2061 alienis.
387 2026 415 2058 G
426 2041 470 2054 =
482 2037 609 2061 manus
629 2037 663 2056 m
673 2026 688 2057 i
699 2033 713 2058 t
724 2033 738 2057 ι
751 2025 789 2058 ic
807 2033 916 2069 tamq.
960 2043 1006 2049 —-
1015 2026 1046 2059 3
1055 2043 1096 2049 —-
1110 2038 1152 2057 ex
1165 2025 1222 2057 lzis
1239 2030 1318 2068 post
1329 2026 1576 2071 unusquisque.
1600 2025 1656 2059 B'Z(

216 2071 273 2106 Βῖί
284 2086 330 2100 =--
338 2070 481 2116 publica
500 2070 728 2106 iurisconsult
738 2082 771 2102 a.
841 2081 915 2112 Γιμο
961 2085 1006 2097 =
1018 2082 1036 2101 e
1037 2068 1070 2114 f
1064 2068 1231 2114 fabilior.
1281 2070 1381 2112 Arg.b
1398 2074 1432 2108 -l—
1449 2070 1544 2102 alius
1566 2070 1656 2102 erit

217 2114 276 2150 Ρ2.
296 2118 324 2151 (ξ
339 2120 371 2152 1.
392 2120 428 2153 2.
447 2131 493 2143 =
516 2124 635 2150 retrac
646 2123 659 2147 ι
669 2127 690 2147 a
704 2123 815 2148 turus.
886 2125 915 2146 w
962 2115 1171 2159 expeditior.
1242 2126 1259 2146 r
1270 2129 1316 2141 τε·
1331 2115 1479 2159 aequale
1498 2114 1656 2149 omnibus

216 2174 263 2187 ==
281 2169 385 2192 tanta
418 2173 450 2192 m
464 2161 537 2193 ilzi
568 2161 739 2205 priorum.
818 2160 850 2190 V
870 2173 916 2186 =
962 2167 1044 2194 est.
1090 2158 1249 2203 Perpauci
1273 2170 1310 2201 ρρ
1334 2159 1398 2194 Ἡθὶ
1415 2177 1461 2184 -
1474 2161 1506 2194 (5
1532 2164 1567 2198 -l-
1589 2172 1655 2195 ae·

218 2217 241 2238 n
252 2216 272 2237 ο
282 2217 304 2238 n
326 2206 493 2239 vincendi
512 2216 589 2250 per.
636 2205 665 2241 '21'
676 2219 722 2232 =
735 2204 841 2237 vive
851 2203 916 2235 mli
960 2203 1064 2249 quale
1085 2216 1103 2235 e
1114 2216 1132 2237 s
1143 2212 1157 2236 t
1180 2206 1219 2236 in
1239 2203 1407 2238 omnibus.
1454 2204 1498 2240 5,ΰῖ
1511 2212 1554 2230 -’--
1566 2206 1602 2242 Q
1615 2210 1650 2244 -ί-

213 2250 420 2295 periculum.
961 2249 1107 2294 aequale
1128 2262 1147 2284 e
1157 2261 1175 2283 r
1184 2250 1198 2281 i
1207 2257 1221 2283 ι
1239 2249 1278 2280 in
1290 2248 1458 2282 omnibus.
1478 2249 1564 2285 Rell.
1576 2261 1653 2285 mss.

262 2293 294 2331 7.
318 2294 622 2340 ΒΒαβεζικλμΘτῑτ
635 2293 693 2327 Ρ3.
707 2291 739 2326 4.
760 2293 830 2325 Col.
850 2293 914 2327 xm
960 2306 1022 2329 uec
1046 2302 1098 2327 est
1124 2293 1249 2326 habent
1266 2306 1328 2327 nec
1349 2295 1418 2328 erit
1429 2307 1439 2326 .·
1470 2300 1602 2330 tautum
1620 2295 1655 2328 in

216 2359 260 2369 „-
279 2341 312 2375 §3
340 2345 375 2379 -f-
402 2340 603 2385 ,ςαρίεηιὶαῑ
636 2350 721 2370 non
753 2346 915 2384 potest
960 2341 987 2372 R
1008 2350 1074 2371 rec.
1097 2351 1139 2372 m.
1164 2348 1218 2372 est
1237 2338 1369 2379 adiecit.
1445 2339 1476 2372 G
1499 2356 1544 2371 Ξ
1566 2343 1655 2377 Aut

217 2398 241 2418 ν
251 2386 265 2418 i
276 2397 298 2418 n
310 2397 329 2419 c
341 2386 365 2420 i.
389 2397 488 2419 nemo
508 2384 552 2418 ab
574 2384 700 2417 altero.
770 2384 795 2415 P
807 2399 852 2411 =
870 2382 914 2416 ab
959 2387 1089 2420 Aetna.
1170 2386 1195 2417 P
1215 2400 1261 2414 =-.
1283 2397 1448 2421 cacumen
1476 2398 1501 2430 p
1511 2398 1530 2421 e
1541 2399 1560 2419 r
1569 2397 1655 2421 oon-

218 2430 292 2465 alte
303 2443 365 2465 ra.
437 2431 480 2463 rP
492 2445 538 2459 =
551 2430 624 2461 nisi
646 2429 728 2462 dum
754 2429 767 2461 i
777 2440 798 2460 n
810 2441 829 2461 c
840 2442 857 2460 e
869 2441 914 2460 n-
960 2431 1129 2475 spic-uum.
1183 2441 1212 2463 w
1233 2446 1278 2462 ====
1295 2442 1462 2466 cacumen
1490 2439 1524 2467 ee
1550 2444 1576 2476 p
1586 2442 1655 2466 ro-

217 2476 327 2512 ditur.
379 2476 475 2511 Grut.
500 2474 539 2508 ci.
555 2489 599 2502 =
617 2475 663 2508 in
674 2474 868 2506 scanditur.
960 2476 1193 2520 conspicuum.
1255 2475 1345 2510 Pinc.
1360 2474 1398 2509 ci.
1412 2477 1456 2511 {m
1466 2491 1513 2505 ==
1524 2477 1549 2509 d
1559 2489 1578 2508 e
1589 2484 1604 2508 ε
1614 2487 1655 2511 e·-

226 2528 229 2530 '
262 2533 282 2553 c
294 2533 316 2556 u
325 2533 359 2556 m
381 2521 431 2555 ad
449 2531 617 2554 summum
635 2531 732 2564 perv.
746 2535 791 2547 =
803 2520 858 2555 {Ru
868 2538 915 2544 —-
959 2533 979 2553 r
989 2533 1011 2555 a
1023 2529 1037 2552 ι
1054 2521 1204 2557 assidua
1216 2521 1283 2555 vis.
1308 2533 1383 2554 w===
1391 2521 1446 2553 vis
1456 2522 1652 2555 omnium.

218 2566 252 2604 Q
274 2578 315 2598 ex
337 2578 399 2603 em.
425 2566 527 2601 Gron.
597 2565 677 2600 Mss.
699 2565 912 2601 aet—&310
961 2566 1319 2602 cr.---lzominum.
1366 2566 1654 2609 w==n0nflam-

217 2612 455 2648 ndumad
477 2623 507 2644 s.
551 2609 911 2644 tzadsummam.
960 2623 1018 2645 ma
1040 2611 1120 2647 sed
1143 2612 1261 2647 ruina.
1309 2609 1561 2655 P=ferius
1581 2610 1653 2644 ad-

262 2657 291 2692 Ἰί
303 2672 349 2686 ==
365 2657 463 2691 locus
483 2663 556 2691 stat
565 2667 588 2689 u
597 2667 628 2688 ε.
676 2657 731 2700 βδι
751 2670 796 2684 =
816 2656 913 2688 locus
960 2657 1073 2692 ducet.
1121 2656 1253 2700 wArg.b
1265 2671 1310 2684 =
1322 2668 1395 2689 ser
1405 2656 1448 2688 iu
1457 2667 1475 2691 s
1488 2656 1652 2692 adducet.

217 2709 276 2737 sca
286 2710 301 2735 t
311 2714 334 2738 u
344 2710 358 2735 t
368 2713 429 2736 us.
500 2702 531 2735 G
543 2716 589 2733 ===
606 2701 723 2738 maria
744 2712 814 2734 non
833 2713 912 2734 cre·
959 2702 1050 2739 Pinc.
1072 2713 1103 2735 v.
1127 2701 1149 2735 l.
1170 2703 1228 2738 Pl.
1249 2701 1310 2738 5(ss
1322 2715 1368 2734 ..—-..
1384 2699 1437 2734 ab
1448 2700 1563 2737 ducet.

218 2755 358 2784 scene.
430 2746 812 2782 V=acoomodum
832 2758 912 2778 ser-
1003 2746 1037 2781 9.
1070 2755 1260 2781 statuta
1282 2746 1649 2792 magnitudo-amas.

217 2800 290 2828 vat.
359 2793 388 2828 ’ὶί
398 2807 443 2821 =
453 2795 530 2826 Exc
541 2805 561 2826 e
569 2792 587 2826 l
595 2792 670 2830 lere
687 2803 726 2826 se
742 2802 832 2837 quae
854 2791 911 2825 iu·
960 2792 1046 2837 (exc.
1057 2791 1164 2836 τδνξυ)
1187 2791 1285 2826 etiam
1299 2791 1357 2825 Gr.
1369 2792 1419 2823 Ss.
1440 2791 1505 2829 ’ὶίθὶ
1514 2808 1560 2819 -·-·
1569 2791 1649 2829 ΞΘ.
