1742 3094
183 217 268 259 696
630 217 673 257 L.
707 217 903 258 ANNAEl
936 216 1165 258 SENECAE

139 339 166 364 ¹¹
185 327 402 370 Praeterea
426 329 528 371 idem
561 337 649 371 erat
669 343 825 386 semper
842 329 941 371 etin
961 330 1066 370 omni
1090 335 1179 370 actu
1203 341 1274 384 par
1296 326 1370 368 sibi
1385 358 1396 379 ,
1442 325 1517 366 iam
1544 338 1620 365 uon

186 396 351 438 consilio
372 397 499 439 bonus
514 429 525 449 ‚
557 398 626 439 sed
648 411 756 439 more
777 411 825 439 eo
846 398 1055 453 perductus
1069 429 1079 449 ,
1112 404 1155 438 ut
1172 410 1251 437 non
1271 401 1420 436 tantum
1437 400 1545 435 recte
1567 393 1622 433 fa-

187 478 279 506 cere
301 471 460 520 posset,
504 466 574 507 sed
592 466 668 507 nisi
691 473 798 507 recte
822 467 954 507 facere
977 480 1056 506 non
1079 470 1227 520 posset.
1288 461 1560 504 Intelleximus
1582 461 1621 501 iu

186 532 257 573 illo
280 533 490 588 perfectam
518 547 607 575 esse
627 533 827 574 uirtutem.
887 532 1002 574 Hauc
1023 533 1064 574 in
1085 539 1215 588 partes
1236 530 1464 572 diuisimus:
1509 542 1623 584 opor-

190 599 296 640 tebat
315 600 543 656 cupiditates
566 601 786 653 refrenari,
818 607 946 642 metus
970 601 1182 656 conprimi,
1214 599 1391 641 facienda
1409 596 1622 652 prouideri,

139 679 172 707 22
187 667 386 709 reddenda
419 668 622 710 distribui:
678 668 1033 724 conprehendimus
1070 667 1362 723 temperantiam
1376 697 1388 718 ‚
1433 664 1625 706 fortitudi-

188 749 305 788 nem,
345 737 614 792 prudentiam,
645 736 831 777 iustitiam
863 743 902 778 et
929 750 1039 777 suum
1069 735 1207 790 cuique
1239 735 1413 776 dedimus
1441 733 1622 775 officium.

187 801 257 843 Ex
279 818 356 858 quo
383 818 479 859 ergo
498 804 682 845 uirtutem
705 803 1003 845 intelleximus?
1061 801 1246 845 Ostendit
1269 802 1372 843 illam
1393 800 1506 843 nobis
1530 800 1626 841 ordo

188 870 274 911 eius
301 878 341 912 et
363 872 483 912 decor
501 879 540 912 et
563 872 779 913 constantia
804 879 843 913 et
866 872 1035 912 omnium
1057 871 1162 913 inter
1178 884 1222 911 se
1245 870 1440 911 actionum
1463 881 1628 911 concor-

189 937 254 979 dia
273 945 313 979 et
331 940 556 994 magnitudo
579 953 697 994 super
720 940 849 981 omnia
869 940 1036 981 efferens
1059 953 1163 980 sese.
1225 937 1330 979 Hinc
1349 936 1547 978 intellecta
1567 942 1630 976 est

188 1005 255 1046 illa
279 1006 395 1047 beata
418 1007 496 1048 uita
519 1008 692 1049 secundo
720 1009 893 1049 defluens
919 1021 1037 1048 cursu
1052 1039 1063 1058 ‚
1110 1006 1260 1059 arbitrii
1281 1005 1340 1046 sui
1362 1011 1456 1045 tota.
1518 1002 1628 1058 Quo-

141 1082 173 1109 28
191 1074 306 1114 modo
331 1088 426 1129 ergo
454 1075 527 1116 hoc
550 1076 674 1131 ipsum
709 1076 822 1116 nobis
846 1075 1050 1131 adparuit?
1106 1072 1261 1115 Dicam.
1322 1071 1543 1126 Numquam
1568 1070 1630 1112 uir

187 1140 253 1182 ille
271 1143 469 1197 perfectus
487 1143 726 1198 adeptusque
742 1144 924 1184 uirtutem
944 1143 1125 1183 fortunae
1144 1140 1360 1182 maledixit.
1420 1152 1627 1193 numquam

189 1209 408 1252 accidentia
447 1211 570 1251 tristis
612 1211 784 1265 excepit.
846 1210 971 1251 ciuem
1003 1224 1093 1251 esse
1122 1223 1164 1250 se
1194 1207 1371 1249 uniuersi
1399 1213 1439 1247 et
1467 1206 1627 1247 militem

189 1278 356 1318 credens
377 1277 533 1319 labores
559 1279 666 1319 uelut
688 1278 900 1334 imperatos
927 1277 1059 1319 subiit.
1121 1275 1314 1331 Quicquid
1338 1275 1528 1316 inciderat
1549 1287 1628 1315 non

187 1351 386 1400 tamquam
406 1346 546 1386 malum
569 1353 801 1402 aspernatus
820 1353 880 1386 est
904 1353 943 1386 et
963 1345 1004 1386 in
1026 1359 1070 1386 se
1090 1359 1186 1386 casu
1205 1344 1395 1394 delatum,
1427 1340 1497 1383 sed
1518 1341 1630 1396 quasi

190 1413 410 1468 delegatum
449 1414 540 1454 sibi.
611 1413 698 1455 Hoc
737 1414 1016 1469 qualecumque
1055 1420 1140 1463 est,
1186 1411 1311 1466 inquit
1325 1443 1336 1462 ,
1382 1423 1510 1451 meum
1549 1416 1624 1450 est.

141 1488 173 1514 Η
192 1494 374 1536 asperum
399 1488 474 1533 est,
508 1483 646 1523 durum
663 1489 747 1523 est:
779 1482 821 1523 in
842 1482 916 1522 hoc
931 1481 1014 1536 ipso
1032 1494 1220 1521 nauemus
1243 1491 1414 1533 operam.
1473 1475 1628 1519 Neces-

188 1548 295 1590 sario
314 1549 445 1603 itaque
466 1564 631 1605 magnus
649 1550 828 1605 adparuit
845 1549 908 1604 qui
924 1562 1130 1603 numquam
1152 1547 1264 1588 malis
1282 1545 1486 1600 ingemuit,
1519 1559 1629 1585 num-

190 1629 305 1670 quam
324 1617 372 1657 de
392 1618 471 1658 fato
493 1631 565 1658 suo
586 1625 747 1672 questus
770 1624 830 1658 est
847 1634 856 1657 :
890 1617 981 1658 feeit
1001 1615 1131 1656 multis
1154 1614 1391 1655 intellectum
1411 1613 1471 1654 sui
1491 1619 1531 1653 et
1551 1622 1630 1653 non

190 1683 306 1724 aliter
330 1698 444 1738 quam
467 1684 507 1725 in
534 1685 707 1725 tenebris
741 1675 872 1725 lumen
895 1684 1041 1725 effulsit
1065 1682 1308 1735 aduertitque
1331 1680 1371 1720 in
1393 1694 1436 1721 se
1460 1679 1646 1720 omnium.

190 1750 341 1792 animos
357 1785 368 1804 ‚
402 1767 489 1793 cum
512 1760 619 1793 esset
641 1753 812 1806 placidus
834 1758 873 1792 et
891 1751 990 1792 lenis
1005 1772 1023 1802 ‚-
1063 1748 1242 1791 humanis
1269 1747 1488 1801 diuinisque
1511 1746 1630 1787 rebus

192 1819 340 1874 pariter
360 1834 523 1875 aequus.
584 1820 766 1862 Habebat
788 1820 999 1875 perfectum
1020 1818 1189 1859 animum
1210 1816 1257 1856 ad
1279 1829 1466 1856 summam
1485 1814 1547 1855 sui
1563 1813 1631 1854 ad-

192 1887 330 1929 ductus
356 1902 475 1944 supra
501 1903 614 1943 quani
639 1889 733 1929 nihil
759 1894 819 1928 est
840 1887 914 1928 nisi
938 1900 1048 1927 mens
1069 1885 1130 1926 dei
1153 1898 1205 1925 ex
1228 1898 1304 1938 qua
1323 1897 1413 1938 pars
1436 1888 1476 1922 et
1492 1881 1533 1922 in
1556 1881 1630 1922 hoc

143 1972 176 1999 ιε)
192 1963 329 2013 peetus
367 1949 532 1997 mortale
570 1956 746 1997 defluxit.
806 1955 908 2009 quod
948 1967 1156 2008 numquam
1193 1951 1318 2006 magis
1348 1949 1520 1992 diuinum
1550 1955 1626 2000 est,

123 2051 127 2053 ἡ
192 2039 307 2083 quam
327 2024 392 2065 ubi
417 2024 689 2065 mortalitatem
721 2037 830 2064 suam
858 2022 1002 2077 cogitat
1026 2028 1065 2062 et
1088 2021 1163 2062 scit
1182 2020 1223 2061 in
1249 2020 1320 2060 hoc
1349 2008 1480 2059 natum
1506 2015 1629 2058 homi-

939 2125 1022 2167 (exc.
1036 2122 1105 2165 (34.)
1127 2139 1172 2147 —
1193 2121 1265 2153 hoc.
1314 2119 1403 2152 GHr
1413 2116 1473 2150 1³1.
1497 2115 1530 2149 4.
1557 2116 1626 2148 Col.

935 2168 1235 2204 ffl=novimus
1257 2175 1408 2210 operam.
1457 2173 1629 2195 σεωυ-

936 2227 958 2246 υ
970 2214 983 2246 ι’
993 2225 1069 2245 mus
1102 2223 1253 2257 operam.
1314 2220 1349 2251 ερ
1371 2223 1417 2236 =
1437 2219 1471 2239 m
1480 2218 1500 2239 o
1510 2216 1632 2238 vernus

937 2269 1087 2303 operam.
1131 2255 1309 2300 ΒΖβιλοπυ
1320 2253 1378 2286 P2.
1391 2252 1425 2286 3.
1435 2267 1480 2280 =
1496 2251 1519 2283 Ιι
1529 2263 1551 2283 a
1560 2249 1580 2283 b
1589 2262 1628 2282 e·-

937 2316 1014 2335 mus
1039 2312 1191 2346 operam.
1237 2311 1260 2344 χ
1281 2314 1325 2326 =
1347 2298 1370 2331 ὴ
1381 2297 1433 2330 ab
1444 2296 1522 2330 ebo
1544 2307 1628 2342 ope-

239 2126 292 2161 11.
317 2127 366 2163 R).
385 2142 431 2155 ει
453 2138 493 2159 eo
523 2127 752 2172 productus.
800 2126 891 2159 ffl=

193 2172 258 2204 sed
283 2181 329 2203 ιιι
353 2184 438 2204 non
464 2180 558 2204 recte
570 2171 713 2217 facere.
741 2183 758 2213 ρ
776 2175 808 2209 7¹—
827 2171 891 2203 sed

192 2225 240 2248 ut
276 2217 361 2249 nisi.
419 2217 470 2261 zu
493 2235 536 2241 -—
558 2225 662 2250 recte.
709 2217 758 2250 Βλ
786 2222 820 2254 -ῐῌ
847 2224 891 2248 et

193 2262 287 2294 hanc
320 2263 358 2295 in
389 2270 524 2306 partes.
581 2273 634 2297 ιοτῑ
655 2262 683 2295 'Is
705 2280 750 2286 —-
772 2263 888 2293 Hanc.

192 2318 266 2340 u=
280 2319 330 2339 ac
349 2318 389 2339 ιη
411 2315 546 2351 partes.

239 2350 293 2384 12.
318 2363 340 2385 κ
358 2370 400 2375 ·—
423 2360 457 2383 et
478 2357 556 2384 aute
579 2351 795 2384 constantia.
841 2350 890 2384 R).

191 2395 252 2430 P3.
274 2412 320 2425 =
340 2397 438 2428 inter
457 2408 496 2427 se
522 2407 676 2427 rerum
700 2395 890 2427 concordia

193 2443 394 2486 actionumq
404 2453 426 2472 u
438 2454 466 2472 e.
507 2441 536 2474 ’ὶί
548 2455 593 2468 =
604 2439 783 2485 offerens
803 2452 891 2475 sese.

191 2486 419 2531 ηφῖί-ἰῖία
440 2492 517 2518 aute
539 2484 653 2518 beata.

240 2530 293 2566 13.
332 2532 361 2566 Ίί
382 2547 428 2560 =
452 2531 603 2578 adeptus
636 2531 803 2565 virtutem
824 2542 889 2564 om.

193 2589 270 2623 que.
316 2578 346 2613 Χ
357 2591 404 2605 =
416 2589 480 2610 acc
491 2576 654 2609 edentia.
701 2577 730 2610 2[
746 2594 792 2600 —
813 2588 892 2608 esse

195 2635 245 2656 se.
284 2623 319 2658 {R
330 2638 377 2652 =
389 2635 427 2656 se
450 2634 539 2655 esse.
584 2621 693 2655 ΒΠἍυ
705 2621 738 2655 {R
750 2637 797 2649 =
807 2620 891 2653 sub-

192 2669 245 2700 it.
294 2669 432 2704 tuffl==
452 2675 487 2700 ec
518 2667 555 2699 in
584 2679 623 2700 se
656 2678 802 2700 casum.
853 2666 890 2700 II

194 2721 338 2747 <rr=et
357 2714 396 2746 in
421 2725 458 2746 se
480 2723 671 2745 cassum.
720 2712 748 2746 21
770 2731 812 2736 —
837 2719 890 2744 est

192 2764 271 2801 post
295 2758 433 2791 durum.
643 2777 645 2779 -

238 2804 278 2835 in
302 2803 384 2836 Izoc
407 2804 485 2848 ipso
498 2818 542 2831 2-
556 2803 644 2835 BGR
661 2814 698 2846 ρρ
724 2803 806 2846 (exc.
822 2801 887 2846 Ζβ)

194 2848 253 2881 Gr.
289 2850 331 2882 Sa
355 2849 390 2886 θῖ
405 2850 461 2888 ΣΞ4.
476 2850 521 2885 6»
603 2847 654 2894 Ζβ
678 2848 741 2884 2(ss
762 2866 808 2872 —
827 2848 891 2882 ὓῖἰα

935 2360 1025 2380 ram.

984 2390 1036 2425 14.
1063 2393 1087 2423 B
1101 2390 1279 2434 (c1·.<x>)=
1291 2389 1334 2421 de
1347 2387 1446 2434 sata
1469 2398 1542 2420 suo.
1581 2396 1628 2421 πσ

938 2441 992 2482 φῴ
1005 2454 1050 2466 =
1065 2448 1143 2468 con
1157 2444 1300 2481 questus
1328 2443 1390 2468 est.
1437 2434 1464 2466 B
1484 2447 1531 2461 =
1552 2430 1629 2476 of·-

927 2484 1052 2529 fiala-ie.
1078 2481 1390 2525 ezr-advertitque
1412 2479 1469 2511 ad
1493 2490 1542 2511 ae.
1567 2474 1627 2509 P2.

937 2528 970 2562 3.
983 2530 1015 2564 §B
1026 2545 1073 2554 --
1083 2530 1116 2563 Q
1129 2543 1174 2555 =
1186 2539 1209 2559 a
1219 2528 1392 2570 vertitque
1406 2525 1446 2557 in
1465 2535 1515 2556 se.
1537 2523 1628 2558 θὶς

933 2574 1100 2620 placidus
1119 2581 1153 2605 ec
1176 2572 1312 2604 letus.
1349 2567 1561 2605 1=levia.
1591 2566 1627 2600 Β

935 2620 1058 2653 -fflta
1074 2623 1108 2656 -l-
1127 2625 1171 2650 et
1194 2616 1359 2649 Immanis
1387 2619 1503 2647 contra
1523 2615 1627 2644 matos

936 2664 1038 2697 etiam
1060 2665 1134 2696 Sao.
1181 2662 1210 2696 'lt'
1231 2677 1278 2691 =
1301 2659 1472 2693 Habeat
1502 2654 1627 2702 perfe-

936 2719 1038 2742 ctum.
1085 2709 1114 2740 R
1137 2719 1173 2750 ρρ
1197 2707 1232 2742 §R
1249 2711 1284 2745 ÷
1310 2713 1352 2738 et
1374 2704 1423 2738 ad
1457 2711 1627 2735 summam

937 2756 1004 2788 sui.
1045 2754 1189 2796 εηρψε
1202 2763 1312 2797 supra
1329 2762 1374 2795 qu
1385 2754 1456 2782 em.
1498 2745 1625 2779 BGZH

936 2799 1298 2843 ot·{6⁵;-s236ruepd›=ex
1318 2805 1401 2841 quo
1417 2804 1516 2839 pars.
1537 2789 1627 2835 quod

938 2846 1079 2878 sortasse
1104 2849 1174 2876 erat
1199 2839 1430 2886 recipiendum.
