1742 3094
402 238 621 280 Ems'rm..
652 238 771 280 Mon.
804 237 898 279 Lm.
929 238 976 279 u
1007 238 1082 279 ΕΡ,
1115 243 1153 278 7.
1186 236 1288 291 (19.)
1502 238 1552 281 8¹

121 352 302 407 migrabit
317 351 367 394 ad
391 351 494 393 aliud
522 350 642 391 limen
669 350 884 391 salutator:
926 363 1006 390 non
1030 355 1162 405 potest
1181 362 1304 405 paruo
1328 362 1395 389 res
1415 362 1559 403 magua

121 425 318 462 comum.
390 417 573 461 Aestima
611 423 740 459 utrum
782 423 822 458 te
855 416 1082 471 relinquere
1129 430 1181 457 an
1215 415 1359 470 aliquid
1387 429 1441 456 ex
1479 416 1557 456 tuis

119 486 247 529 malis.
307 485 463 531 Utinam
486 485 640 540 quidem
660 484 730 525 tibi
759 497 973 526 senescere
991 483 1224 539 contigisset
1242 483 1346 524 inu-a
1368 482 1562 526 natalium·

119 559 277 597 tuorum
298 554 455 595 modum
471 584 483 604 ‚
515 566 589 594 nec
606 558 646 593 te
671 552 712 593 iu
732 552 852 593 altum
870 552 1028 593 fortuna
1050 551 1237 592 misisset.
1279 549 1392 591 Tulit
1415 557 1454 591 te
1470 550 1557 592 lon·

118 634 169 675 ge
190 628 441 677 aconspectu
461 620 566 662 uitae
591 619 759 661 salubris
783 618 920 675 rapida
944 618 1135 670 felicitas,
1179 618 1382 674 prouincia
1405 624 1446 659 et
1466 632 1557 674 pro-

120 687 271 729 curatio
289 718 301 740 ,
345 695 386 734 et
405 687 586 743 quicquid
616 687 665 728 ab
685 686 772 729 istis
800 686 1061 742 promittitur:
1103 685 1255 731 maiora
1272 685 1413 729 deinde
1430 684 1558 726 officia

118 761 160 796 te
176 754 375 810 excipient
390 762 431 796 et
452 769 505 798 ex
528 754 614 797 aliis
635 754 726 796 alia.
788 751 889 807 Quis
914 753 1047 795 exitus
1081 753 1187 794 erit?
1226 752 1317 807 quid
1345 759 1555 808 exspectas
1589 765 1607 791 5

119 822 243 863 donec
266 822 448 878 desinas?
515 821 675 865 Habere
704 821 807 875 quod
832 820 992 876 cupias?
1036 819 1263 875 Numquam
1287 820 1362 863 erit
1385 826 1553 875 tempus.

121 887 288 943 Qualem
317 889 480 938 dicimus
510 902 600 931 esse
634 888 779 929 scriem
813 901 1021 929 causarum
1052 901 1105 929 ex
1132 887 1271 942 quibus
1299 887 1470 928 nectitur
1500 888 1558 927 fa-

120 962 227 1007 tum,
261 956 385 1011 ‘talem
409 956 607 1009 [dicimus]
635 969 727 996 esse
751 954 1028 1010 cupiditatum:
1074 955 1198 995 altera
1222 968 1277 995 ex
1295 954 1372 995 fine
1396 954 1558 1002 alterius

121 1022 311 1065 nascitur.
354 1021 406 1064 In
419 1037 504 1065 eam
518 1022 712 1064 demissus
723 1035 767 1063 es
786 1021 907 1064 uitam
920 1035 1020 1076 quae
1039 1035 1248 1075 numquam
1264 1021 1334 1064 tibi
1349 1020 1558 1063 terminum

120 1089 368 1131 miserim-um
385 1103 432 1131 ac
452 1089 654 1131 seruitutis
674 1089 759 1144 ipsa
781 1089 931 1132 factura
944 1088 1011 1130 sit.
1066 1087 1226 1130 Subduc
1245 1087 1442 1129 ceruicem
1464 1087 1558 1142 iugo
1582 1088 1586 1089 ⁷

122 1156 277 1198 tritam-2
309 1157 434 1199 semel
446 1157 550 1198 illam
573 1156 692 1198 incidi
716 1170 832 1211 quam
853 1169 1011 1212 semper
1039 1155 1162 1211 premi
1184 1155 1307 1199 satius
1328 1161 1403 1199 est,
1448 1152 1498 1199 Si
1518 1161 1558 1196 te
1575 1161 1594 1189 ⁶

123 1223 173 1268 ad
186 1223 556 1280 priuataietuletis,
587 1224 739 1266 minora
762 1230 877 1267 erunt
898 1223 1042 1275 omnia,
1074 1224 1145 1265 sed
1166 1222 1311 1265 affatim
1330 1221 1556 1278 inplebunt:

121 1292 477 1346 at'nuuc‘plurima
510 1298 551 1333 et
578 1292 747 1346 undique
765 1291 921 1345 ingesta
940 1305 1018 1334 non
1039 1290 1199 1334 satiant.
1257 1288 1399 1334 Utrum
1426 1296 1559 1331 autem

123 1357 250 1402 mauis
279 1371 334 1399 ex
362 1358 495 1413 iuopia
514 1359 756 1401 saturitatem
785 1372 835 1398 an
858 1358 899 1398 in
928 1358 1039 1412 copia
1070 1358 1239 1398 samem?
1294 1356 1349 1399 Et
1367 1356 1483 1399 auida
1502 1356 1560 1397 fe-

124 1424 252 1466 licitas
273 1432 336 1466 est
354 1432 395 1465 et
417 1425 568 1466 alienae
586 1425 758 1469 auiditati
783 1424 978 1480 exposita.
1042 1423 1236 1478 Quamdiu
1257 1423 1327 1464 tibi
1343 1423 1439 1464 satis
1463 1422 1561 1464 nihil

126 1491 267 1542 fuerit,
298 1491 384 1547 ipse
405 1492 491 1533 aliis
511 1506 591 1532 non
616 1492 710 1533 eris.
773 1490 1003 1545 Quomodo,
1035 1491 1189 1546 inquis,
1223 1491 1371 1531 exibo?
1399 1489 1560 1532 Utcum-
1577 1501 1595 1527 ⁷

127 1556 231 1613 que:
278 1559 407 1614 cogita
434 1573 547 1614 quam
572 1559 694 1600 multa
719 1566 867 1599 temere
888 1573 959 1613 pro
986 1558 1178 1614 pecunia,
1217 1572 1334 1613 quam
1360 1557 1483 1598 multa
1505 1557 1561 1598 la-

131 1626 291 1670 boriose
315 1640 387 1684 pro
415 1626 565 1668 honore
586 1626 855 1682 temptaueris.
910 1625 1055 1680 aliquid
1077 1632 1117 1666 et
1138 1639 1209 1680 pro
1239 1625 1320 1666 otio
1344 1624 1563 1666 audendum

170 1769 205 1808 4.
230 1774 305 1819 βε
317 1783 365 1804 an
384 1773 572 1818 aliquem
596 1786 638 1806 ex
658 1773 741 1806 tuis.

180 1829 328 1860 Utinam
360 1829 512 1872 quidem.
560 1829 702 1868 Quidam
731 1828 822 1860 Pinc.

126 1871 193 1906 Ϊθῖ
204 1890 246 1897 -
256 1873 290 1907 Β
301 1890 348 1899 —
356 1874 507 1917 quidem.
541 1875 572 1906 V
582 1892 629 1897 —
639 1874 717 1906 tibi.
741 1875 767 1904 B
778 1889 824 1901 =

129 1924 145 1948 t
154 1929 174 1948 e
183 1928 376 1950 senescere.
596 1952 598 1954 ,

139 1990 142 1992 .
178 1961 210 1993 G
229 1976 275 1989 =
296 1961 421 1995 inter
454 1962 710 1994 natalitium
743 1969 823 1994 tuo-

133 2016 221 2037 rum.
264 2017 287 2048 p
298 2020 344 2050 =.·
353 2017 386 2037 m
399 2018 419 2038 ο
430 2006 456 2038 d
464 2018 484 2038 ο
494 2018 522 2038 s.
562 2017 583 2048 γ
591 2022 637 2034 =
649 2006 825 2038 natalium

134 2057 271 2081 tuorum
294 2050 347 2082 do
355 2062 389 2082 m
399 2062 423 2082 u
434 2062 481 2084 m.

177 2105 201 2137 p
212 2112 255 2118 —
264 2095 463 2139 provincia.

173 2140 391 2184 procuratio.
426 2151 448 2184 p
458 2154 504 2168 =
510 2141 757 2185 praeparatio.

178 2194 364 2240 excipient.
395 2196 422 2227 B
434 2210 480 2223 =
490 2207 510 2228 s
520 2207 545 2227 u
554 2207 574 2227 s
584 2207 603 2227 c
613 2195 736 2240 ipient.

179 2247 215 2272 et
232 2251 276 2271 ex
295 2240 385 2272 aliie
404 2240 492 2272 alia.
526 2242 556 2272 A
566 2258 606 2265 —·
617 2248 664 2272 et.

180 2294 214 2327 5.
237 2295 341 2338 Arg.b
351 2311 398 2323 =
406 2298 436 2339 Q
445 2308 469 2331 u
479 2296 495 2328 i
504 2296 528 2327 d
552 2296 668 2331 exitus
692 2295 761 2328 erit
770 2295 788 2327 Ρ

179 2339 285 2382 Pp=
298 2341 385 2384 quid
405 2352 458 2386 sp
470 2348 541 2374 ect
552 2352 576 2373 a
589 2353 620 2382 s,
643 2341 734 2385 quod
752 2341 828 2372 for-

136 2389 225 2416 tasse
244 2384 431 2426 genuinum.

183 2438 383 2484 Numquam
406 2440 476 2476 erit
497 2448 644 2486 tempus.
683 2441 714 2473 G
723 2439 783 2473 Pl.
794 2438 828 2473 3.

139 2484 291 2521 τ-,Νυημ
313 2496 367 2528 qu
377 2485 392 2516 i
402 2485 426 2516 d
456 2491 520 2517 etc.
567 2485 709 2525 Quidam
736 2485 829 2518 Pinc.

147 2533 182 2566 -ξ-
203 2529 403 2561 desinendi.

184 2574 216 2605 A
224 2591 270 2597 —
279 2573 424 2615 Qualem
436 2589 483 2597 -·
496 2574 740 2617 cupiditatum.

185 2618 264 2650 P—
273 2629 461 2651 causarum
474 2635 517 2642 —-
530 2619 680 2651 dicimus
703 2631 790 2651 esse.

186 2673 295 2706 talem
307 2672 487 2717 [dicimus]
501 2684 579 2705 esse
589 2688 634 2702 =
645 2674 677 2708 Ξ
691 2693 735 2698 -
743 2675 800 2710 SR,

142 2719 165 2752 2
183 2735 230 2742 --
251 2718 285 2753 ε
306 2734 351 2746 =
373 2718 481 2750 talem
514 2730 533 2749 e
543 2726 558 2750 t
588 2718 833 2762 cupiditatum.

142 2761 210 2802 Sed
231 2773 307 2794 cum
327 2762 370 2795 sit
389 2762 424 2795 in
446 2761 596 2794 omnibus
617 2773 695 2794 mss.
714 2769 750 2794 et
770 2764 836 2798 Iffl

142 2823 188 2830 —-
206 2807 239 2840 Z
252 2820 298 2835 =
312 2808 419 2839 talem
451 2820 471 2838 e
481 2820 499 2840 s
510 2819 528 2838 s
538 2820 557 2838 e
591 2806 835 2851 cupiditatum,

143 2849 232 2883 malo
242 2852 399 2895 supplere
414 2851 552 2884 verbum
564 2862 661 2895 quam
672 2857 807 2884 mutare.

210 2903 346 2934 Senecae
363 2914 410 2941 op.
430 2905 478 2933 ed.
495 2904 615 2933 Fickert
638 2905 658 2934 t.

869 1772 1012 1813 Quidam
1045 1772 1104 1804 Gr.
1118 1787 1164 1800 =
1178 1771 1340 1815 cupidita
1349 1779 1365 1804 t
1374 1784 1395 1805 e
1403 1784 1438 1804 m
1448 1795 1459 1812 ‚
1489 1769 1562 1804 rell.

868 1834 914 1846 =
924 1818 1086 1862 cupidita
1095 1826 1110 1849 t
1119 1829 1142 1849 u
1152 1829 1187 1849 m
1216 1817 1279 1849 hac
1313 1816 1462 1849 Genitivi
1489 1822 1565 1848 ter-

868 1863 1061 1895 minatione.
1137 1862 1198 1896 G'X
1212 1867 1247 1900 -ξ-
1253 1862 1382 1904 finem.

914 1910 944 1939 A
955 1923 1000 1935 =
1011 1907 1084 1939 alte
1093 1919 1112 1939 r
1122 1918 1144 1939 u
1154 1919 1188 1938 m
1222 1919 1266 1938 ex
1293 1907 1378 1950 fine
1413 1905 1566 1938 alterius

870 1960 1043 1984 nascitur.

916 2007 1105 2038 demissus.
1141 2008 1187 2038 Ar
1196 2021 1241 2033 =
1253 2006 1302 2038 di
1314 2006 1455 2038 missus.
1488 2005 1511 2038 b
1521 2019 1568 2035 ==

872 2052 897 2084 d
908 2052 1063 2084 imis-sus
1084 2063 1103 2083 e
1114 2063 1132 2083 s
1143 2059 1169 2083 t.
1204 2053 1231 2083 E
1241 2067 1289 2077 -ο
1299 2063 1348 2084 es.

906 2108 948 2158 “K
958 2122 1004 2157 ’Ξ
1016 2118 1038 2157 a
1049 2118 1072 2138 u
1083 2114 1098 2138 t
1122 2106 1319 2139 servitutis.
1344 2107 1430 2139 Τ·-
1440 2117 1485 2138 ac
1494 2117 1570 2139 ser-

872 2159 1183 2228 νιῗῧὸ-ιιέΐὸιῐαε
1194 2215 1239 2220 -
1252 2196 1387 2228 tritam.
1413 2195 1569 2232 (ib—SR

873 2258 920 2266 —
929 2244 1065 2273 tritam.
1099 2241 1176 2272 Lat.
1198 2241 1310 2272 Latin.
1330 2239 1417 2272 Bibl.
1427 2239 1522 2273 Prof.
1533 2251 1569 2284 p.

874 2284 930 2319 45.
955 2285 1092 2328 legit=
1103 2294 1117 2316 ι
1130 2293 1204 2317 ota
1216 2298 1261 2317 m.

919 2331 967 2364 αὸ
977 2329 1036 2362 1²1.
1047 2329 1083 2363 3.
1093 2346 1140 2358 =
1153 2329 1233 2362 Tibi
1244 2339 1319 2363 tam
1338 2330 1449 2363 semel
1468 2329 1572 2362 illam

874 2375 1002 2407 incidi.
1026 2375 1220 2409 vo=semel
1224 2376 1328 2407 illam
1348 2376 1415 2407 inc
1423 2375 1439 2407 i
1449 2374 1474 2406 d
1482 2386 1529 2407 er
1540 2386 1570 2407 e.

919 2428 954 2462 6.
978 2431 1013 2465 {R
1023 2432 1145 2468 ——52
1157 2446 1203 2459 =
1216 2442 1236 2462 e
1245 2439 1260 2463 t
1282 2430 1436 2474 affatim.

921 2477 1006 2508 A=
1017 2484 1057 2508 at
1079 2484 1094 2508 t
1104 2488 1127 2508 u
1138 2488 1161 2507 n
1172 2488 1192 2508 c
1208 2475 1380 2521 plurima.

922 2532 1077 2576 ingesta.
1125 2532 1155 2564 T
1164 2547 1210 2559 =
1220 2539 1401 2577 congesta.
1448 2529 1518 2564 Col.
1528 2543 1575 2558 =

878 2587 926 2608 an
948 2589 999 2608 ex
1022 2577 1124 2622 copia
1141 2576 1294 2621 famem.
1333 2587 1420 2607 w=
1431 2586 1486 2607 au
1498 2582 1514 2607 t
1537 2574 1575 2607 in

877 2632 951 2666 cop.
966 2619 1004 2666 fi

922 2672 955 2707 7.
998 2677 1201 2721 Utcumque.
1249 2676 1410 2721 ῢαβγεῦο
1436 2676 1466 2710 21
1475 2690 1520 2704 =
1532 2686 1577 2707 u-

880 2728 1050 2764 eramque.

891 2792 894 2794 ,
924 2765 960 2798 {R
969 2782 1016 2789 ·—
1025 2767 1056 2799 z
1065 2782 1112 2790 --·
1121 2773 1261 2798 temere.

926 2809 956 2841 R
968 2824 1013 2836 =
1025 2809 1182 2842 labor-ios
1192 2822 1227 2842 a.
1398 2832 1401 2833 ν

926 2854 1092 2899 T=pr0
1114 2855 1186 2887 otio
1207 2853 1470 2898 augendum·
