1742 3094
213 203 296 247 110

669 203 713 244 L.
744 203 942 244 ANNAEI
973 203 1202 244 SENECAE

212 316 286 358 dio
326 317 470 368 uitae,
514 328 608 358 cum
643 328 806 371 ,qenere
844 317 963 358 uitae
999 321 1046 358 at
1085 318 1346 360 canendum
1385 319 1446 362 ad
1475 325 1654 364 mortem

211 389 321 427 esset
354 383 566 439 effeceris.

625 382 727 425 Item
760 384 837 426 alio
867 384 956 425 loco
992 384 1111 426 dicit:
1161 385 1279 437 Quid
1307 391 1394 429 tam
1425 388 1657 432 vidie-alum

212 466 339 508 qaam
370 453 581 508 adpetere
610 457 789 494 mortem
802 483 818 504 ,
857 465 950 494 cum
987 453 1121 494 uitam
1159 455 1390 510 inquietam
1433 455 1510 498 tibi
1539 455 1656 512 fece·

160 535 195 563 ῃ
211 522 277 563 ris
308 525 420 562 meta
455 520 641 562 mortis?
698 519 774 560 His
805 519 952 561 adicias
990 527 1030 561 et
1057 520 1149 562 illud
1183 521 1358 564 eiusdem
1386 530 1503 565 notae
1535 524 1653 566 licet:

214 588 398 630 Tantam
428 588 640 629 hominum
660 587 983 643 immadentiam
1006 602 1123 641 esse,
1154 590 1280 632 immo
1300 591 1580 644 dementiam,
1609 597 1657 634 nt

208 656 383 712 quidam
410 657 566 698 timore
592 657 745 698 mortis
779 661 993 711 coyantm·
1029 656 1090 698 ad
1113 651 1310 700 mortemss
1365 657 1560 715 Quicquid
1586 660 1655 702 ho-

208 739 295 766 rum
326 724 560 766 tractaueris
577 756 588 776 ‚
629 724 878 766 confirmabis
914 725 1084 765 animum
1109 725 1174 766 uel
1196 726 1244 768 ad
1267 726 1406 769 mortis
1435 727 1501 768 uel
1525 727 1574 768 ad
1599 727 1657 768 ui-

207 799 272 833 tae
306 792 548 847 patientiam.

619 790 677 833 At
696 792 738 833 in
765 799 972 847 utrumque
1006 793 1191 833 mouendi
1225 807 1270 834 ac
1297 794 1476 835 firmandi
1504 808 1654 847 sumus,

210 866 250 900 et
271 873 322 900 ne
344 859 460 900 nimis
485 874 662 901 amemus
689 861 810 901 uitam
843 866 883 901 et
904 873 954 900 ne
981 859 1098 900 nimis
1130 860 1357 902 oderimus?
1408 860 1540 903 Etiam
1569 876 1656 903 eum

206 927 309 969 ratio
342 928 503 979 suadet,
547 928 685 971 finire:
727 928 797 969 sed
831 942 912 968 non
943 934 1094 969 temere
1131 942 1206 970 nec
1245 943 1333 970 cum
1369 943 1560 984 procursu
1592 943 1656 971 ea-

154 1006 191 1034 23
208 995 371 1050 piendus
393 1003 454 1036 est
478 996 650 1050 inpetus.

205 1063 312 1115 uita,
358 1064 429 1104 sed
461 1063 590 1104 exire.

206 1130 272 1186 qui
299 1130 442 1171 multos
470 1130 697 1185 occupauit,
738 1130 857 1171 libido
886 1129 1095 1171 moriendi.

710 994 785 1038 Uir
811 995 925 1036 fortis
957 1009 1002 1035 ac
1029 995 1186 1050 sapiens
1216 1010 1295 1037 non
1321 998 1459 1051 fugere
1491 997 1606 1038 dehet
1633 1011 1655 1038 e

656 1061 712 1104 Et
739 1069 830 1104 ante
860 1062 991 1103 omnia
1018 1062 1084 1103 ille
1113 1077 1266 1117 quoque
1306 1063 1452 1104 uitetur
1480 1064 1654 1106 adfectus

1155 1128 1232 1171 Est
1261 1129 1364 1171 enim
1380 1162 1391 1183 ‚
1423 1130 1478 1172 mi
1506 1129 1652 1184 Lucili,

204 1204 248 1238 ut
274 1198 323 1238 ad
353 1198 430 1239 alia
460 1198 517 1238 sic
547 1198 664 1238 etiam
695 1198 745 1239 ad
775 1197 1020 1253 moriendum
1048 1197 1270 1238 inconsulta
1297 1198 1417 1239 animi
1452 1199 1653 1242 inclinatio

205 1279 304 1320 quae
340 1279 458 1320 saepe
490 1279 708 1320 generosos
748 1272 864 1320 atque
896 1264 1114 1305 acerrimae
1146 1264 1288 1306 indolis
1323 1266 1433 1308 uiros
1469 1266 1651 1322 com-ipit,

204 1346 322 1388 saepe
347 1333 514 1388 ignauos
531 1332 812 1388 iacentesque:
845 1332 901 1373 illi
922 1338 1178 1373 contemnunt
1197 1332 1333 1385 uitam,
1364 1332 1405 1373 hi
1422 1340 1650 1388 grauantur.

253 1423 285 1455 G
306 1427 340 1462 -4-
363 1435 440 1456 cum
472 1423 651 1468 gratia
684 1423 742 1458 al.
776 1435 909 1469 genere

206 1469 315 1503 vitae.
341 1467 475 1513 γζιξοτυ
485 1484 530 1497 =
543 1481 620 1500 cum
643 1481 670 1514 g
681 1480 734 1501 ra
746 1477 760 1501 t
773 1471 787 1501 ἱ
800 1480 824 1501 a
848 1469 906 1501 vi-

204 1522 275 1548 tae.
301 1515 331 1546 R
342 1533 383 1539 ——
397 1526 475 1547 cum
493 1526 627 1559 genere
650 1514 748 1547 vitae
759 1533 804 1538 —
817 1513 906 1557 effe-

204 1559 309 1592 ceris.

252 1605 283 1637 G
292 1620 337 1635 ==
350 1611 389 1636 ut
412 1615 431 1637 ε
442 1616 464 1636 u
475 1616 494 1636 c
504 1604 718 1636 currendum
740 1612 845 1637 esset.

252 1650 284 1682 G
295 1665 341 1677 =
356 1649 430 1682 alio
455 1649 529 1682 Ioco
554 1650 578 1681 d
589 1649 637 1683 ix
649 1650 697 1682 it.

239 1694 391 1741 feceris.
436 1694 466 1726 G
480 1693 567 1738 (sm)
580 1709 626 1722 =
638 1706 679 1740 sp
694 1706 713 1727 r
726 1694 903 1727 everis.

204 1741 308 1784 Axg.b
321 1743 341 1786 β
353 1738 489 1785 =fece
501 1753 520 1772 r
532 1741 547 1772 i
557 1748 572 1772 t
596 1752 651 1772 me
663 1749 677 1772 ε
690 1752 711 1772 ιι
724 1751 743 1772 s
766 1740 903 1772 mortis.

205 1797 228 1832 p
239 1804 286 1810 —
298 1794 389 1818 metu
414 1794 550 1817 morus.

247 1828 304 1863 22.
330 1830 488 1863 eiusdem
501 1838 606 1862 notae
622 1830 717 1863 licet.
741 1830 771 1862 R
785 1848 828 1853 —-
839 1841 904 1862 no-

203 1883 274 1908 tae.
323 1876 418 1909 TRsr
428 1876 521 1919 εῦγλ
533 1876 599 1911 ’ὶίθὶ
612 1894 652 1901 -
677 1876 706 1911 (ξ
720 1879 752 1914 l.
777 1890 822 1902 =
846 1875 905 1908 li-

238 1933 261 1953 u
271 1933 290 1953 e
298 1927 323 1953 t.

203 1934 225 1971 q
250 1966 281 1998 G
290 1981 336 1994 =
349 1965 428 1998 hom
441 1966 488 1999 in
499 1965 515 1998 i
537 1965 829 2012 imprudentiam.
877 1965 906 2000 ’ὶί

207 2016 242 2050 -1-
260 2013 418 2044 animum
443 2019 457 2043 ι
468 2023 489 2043 ιι
500 2021 522 2043 ιι
535 2024 580 2044 m.

247 2069 270 2101 p
284 2073 330 2086 =
343 2068 365 2101 q
375 2068 397 2088 ιι
408 2070 427 2089 e
440 2057 524 2089 dam
549 2057 687 2089 timore.

249 2102 389 2145 (ἥψω)
404 2119 451 2125 --·
464 2102 523 2134 vel
553 2102 604 2134 ad
630 2101 736 2133 vitae.
802 2100 848 2134 τ’ὶί
859 2116 906 2129 =

203 2146 264 2184 vel
284 2147 334 2178 ad
360 2158 435 2178 mor
448 2154 462 2178 ι
472 2159 491 2178 e
503 2158 548 2178 m.
613 2145 752 2189 r(cr.m)
769 2147 905 2188 δεμνῐῑιο

201 2191 347 2228 21===ad
371 2191 469 2223 vitae
489 2201 580 2236 pen
594 2191 663 2222 ite
677 2190 838 2222 ntiam.

249 2239 299 2270 Ac
315 2237 353 2268 in
366 2244 548 2279 utrumque
558 2251 603 2264 =
614 2236 675 2278 Pp.
721 2235 906 2279 ΑΒΕαβδει

201 2281 305 2331 μνξου
319 2281 385 2313 Sbc
399 2280 522 2313 Pr.abd
534 2279 593 2313 P2.
611 2279 682 2312 Col.
695 2280 725 2314 ⁶2(
742 2284 776 2318 -ξ-
794 2283 843 2312 At
865 2280 906 2312 in

199 2334 389 2378 utrumque
412 2338 431 2358 e
441 2337 463 2357 n
475 2327 490 2358 i
499 2338 543 2360 m.
567 2324 690 2358 Nescio
701 2337 743 2357 an
753 2324 906 2358 scn'ben-

204 2371 285 2403 dum
307 2378 369 2404 slt:
417 2373 467 2403 At
491 2384 511 2403 e
522 2383 546 2403 n
558 2371 572 2403 i
585 2383 617 2403 m
642 2371 681 2402 in
707 2378 904 2416 utrumque.

201 2416 250 2452 af.
271 2416 382 2449 Hand.
401 2417 497 2449 Turs.
521 2417 548 2448 Ι.
569 2428 602 2459 p.
616 2411 695 2449 446.
718 2427 744 2447 s.
770 2416 805 2450 {R
815 2434 862 2440 —
871 2416 904 2450 (ᾖ

203 2476 249 2490 =
270 2464 322 2495 Ac
363 2463 402 2494 in
449 2471 634 2506 utrumque
676 2473 695 2493 e
707 2473 740 2493 m
752 2472 771 2492 ο
784 2472 807 2492 n
821 2460 906 2493 endi

204 2508 431 2551 (contractum
453 2517 493 2538 ex
516 2508 611 2539 enim
633 2506 827 2549 monendi).
875 2506 907 2537 G

203 2553 234 2585 T
254 2552 327 2585 rell.
346 2563 384 2595 ρρ
396 2550 455 2584 Pl.
469 2549 502 2584 3.
514 2548 547 2584 4.
575 2552 608 2587 Q
619 2567 664 2578 =
675 2552 742 2583 Ad
765 2560 906 2583 utrum—

227 2609 270 2630 ue
283 2598 389 2630 enim.
421 2607 468 2628 wr
479 2612 524 2624 =
537 2598 582 2629 In
595 2605 780 2641 utrumque
801 2597 906 2628 enim.

203 2609 279 2678 {im
291 2661 338 2667 —-
349 2643 414 2677 mia
425 2657 469 2670 =
481 2644 527 2674 In
551 2650 735 2687 uerumque
760 2654 906 2674 monen-

205 2687 254 2720 di.
292 2685 381 2719 Pinc.
395 2702 439 2715 =
454 2689 513 2719 vel
534 2687 584 2720 ad
618 2700 693 2719 mor
704 2695 718 2719 t
730 2700 748 2719 e
759 2700 792 2718 m
805 2713 813 2728 ‚
851 2687 910 2719 vel

202 2732 255 2768 acl
266 2733 364 2765 vitae
374 2733 600 2777 pacientiam,
615 2745 668 2765 au
678 2741 692 2764 ι
715 2733 754 2765 in
769 2741 908 2765 utrum-

205 2789 281 2823 que.
321 2790 340 2810 e
349 2778 526 2814 monendi
544 2780 638 2810 enim
666 2790 712 2810 ,ac
725 2777 909 2820 firmandi

206 2824 338 2855 elanus.
375 2834 474 2868 quam
502 2823 702 2867 scripturam
724 2822 814 2855 Pinc-
839 2823 908 2855 sal-

206 2875 275 2900 tem
295 2880 335 2900 ex
355 2869 450 2912 parte
470 2867 602 2901 videtur
624 2867 766 2901 finxisse.
800 2866 859 2901 Pl.
874 2865 906 2901 4.

953 1422 1020 1456 ’ὶίῢ
1035 1436 1079 1449 ==
1091 1432 1146 1454 mo
1159 1434 1179 1454 v
1190 1434 1208 1454 e
1219 1422 1294 1455 ndi.
1330 1421 1430 1455 Dion.
1447 1422 1651 1460 Gothofred‚

954 1467 995 1499 ci.
1007 1482 1053 1494 =
1065 1479 1124 1499 mu
1136 1478 1160 1499 n
1173 1468 1188 1499 i
1197 1468 1286 1500 endi
1318 1473 1418 1512 atque
1449 1467 1541 1501 idem
1600 1475 1654 1502 ost

955 1512 1115 1545 Gothofr.
1138 1512 1289 1545 Freinsh.
1322 1512 1366 1545 ad
1390 1513 1480 1545 Curt.
1500 1514 1541 1555 V,
1563 1480 1597 1555 Si:
1618 1511 1652 1546 6.

953 1557 999 1589 Sb
1009 1572 1055 1584 =
1067 1557 1253 1590 induendi.
1279 1559 1341 1590 Sw.
1356 1570 1362 1590 :
1388 1557 1509 1600 ‚‚Vide,
1533 1557 1652 1603 inquii,

952 1613 995 1635 an
1026 1602 1208 1634 tenendum
1241 1602 1351 1646 ipsum
1385 1603 1489 1635 fuerit
1498 1628 1507 1643 ,
1547 1615 1590 1636 an
1615 1602 1652 1636 in

953 1647 1133 1679 imbuendi
1166 1647 1362 1680 mutandum
1372 1672 1381 1688 ‚
1419 1653 1456 1679 ut
1485 1647 1652 1692 legeretur

950 1693 996 1727 In
1008 1701 1124 1725 utrum
1149 1704 1192 1724 ue
1206 1693 1301 1725 enim
1314 1692 1530 1725 imbuendi.“
1575 1693 1651 1726 G=

951 1750 996 1770 ac
1016 1750 1035 1769 c
1047 1749 1066 1769 ο
1078 1704 1296 1781 nssrmandi.
1369 1739 1396 1770 E
1408 1753 1454 1766 =
1466 1749 1511 1771 ne
1540 1739 1650 1771 nimis

952 1796 972 1816 e
982 1791 996 1815 t
1006 1783 1021 1815 i
1029 1794 1052 1814 a
1064 1795 1097 1815 m
1121 1783 1312 1824 oderimus,
1333 1795 1410 1815 cum
1431 1784 1538 1816 ratio.
1562 1784 1652 1816 Ver-

950 1828 994 1860 ba
1006 1830 1055 1861 Aa
1070 1828 1108 1860 in
1127 1836 1310 1873 utrumque
1320 1845 1367 1852 —-
1379 1828 1559 1861 oderimus
1574 1834 1653 1861 sunt

952 1872 1143 1912 adversarii,
1155 1872 1368 1920 sequentibus
1376 1872 1559 1918 respondet
1568 1875 1646 1906 Seu.

951 1918 1048 1951 Infin.
1063 1918 1182 1962 finire
1201 1929 1306 1951 nexus
1325 1923 1377 1951 est
1387 1930 1428 1950 ex
1447 1918 1552 1951 verbo
1572 1930 1651 1951 mo-

952 1964 1074 1997 nendi.
1190 1969 1192 1971 ’

998 2008 1063 2042 sed
1094 2020 1165 2041 non
1185 2016 1462 2041 temere=mss.
1488 2007 1574 2052 (exc.
1585 2009 1650 2051 δμν

952 2053 1072 2086 =sed
1105 2065 1176 2086 non
1201 2054 1395 2096 timere,
1429 2053 1521 2097 quod
1552 2052 1653 2086 etiam

950 2099 985 2131 in
1007 2099 1073 2133 2&st
1084 2117 1130 2122 —
1141 2099 1188 2140 913)
1222 2099 1323 2130 etiam
1343 2099 1401 2130 Gr.
1413 2097 1517 2141 Arg-b
1530 2098 1595 2133 2181
1604 2115 1651 2123 —·

952 2146 999 2179 Q»
1057 2143 1101 2177 me
1110 2161 1156 2167 ⁸—
1169 2144 1202 2178 Ξ
1217 2162 1261 2166 -
1274 2142 1350 2175 Sed·

997 2199 1061 2220 nec
1081 2199 1158 2220 cum
1175 2199 1360 2232 procursu.
1402 2186 1547 2227 Quidam
1556 2186 1649 2221 Pinc-

949 2244 1070 2265 -nec
1082 2257 1091 2274 ‚
1118 2231 1209 2276 quod
1229 2231 1301 2275 ipse
1323 2231 1455 2276 probat.
1491 2244 1518 2276 μ,
1532 2236 1568 2271 -1-
1586 2243 1651 2265 nec

948 2290 973 2324 p
985 2291 1005 2311 r
1015 2289 1034 2310 ο
1047 2290 1066 2310 r
1075 2289 1093 2310 s:
1105 2290 1128 2310 u
1141 2289 1159 2309 s
1187 2289 1263 2309 cum
1313 2288 1469 2312 recursu.

995 2321 1052 2356 23.
1079 2323 1165 2354 G=
1181 2323 1248 2355 Vir
1244 2289 1379 2400 frti-s·
1401 2331 1446 2355 et
1469 2330 1650 2358 strenuus.

996 2370 1018 2403 δ
1029 2384 1075 2396 =
1089 2369 1221 2400 vitetur
1279 2381 1298 2400 e
1327 2376 1435 2401 ectus.
1483 2368 1514 2402 ’ὶί
1526 2383 1571 2396 =
1583 2367 1649 2401 vit.

953 2427 971 2447 e
977 2412 1006 2458 f
1003 2411 1037 2457 s
1041 2421 1150 2446 ectus.

997 2458 1109 2491 libido
1123 2457 1312 2491 moriendi.
1336 2456 1533 2503 Βαβγζιλμξ
1544 2455 1604 2490 P2.
1615 2455 1649 2493 32

955 2503 1026 2536 Col·
1051 2504 1214 2540 'MR-(3
1236 2508 1271 2543 -{—
1299 2502 1412 2536 libido
1442 2503 1624 2536 scilice
1637 2509 1652 2534 t

953 2549 1142 2582 moriendi.

999 2595 1114 2627 animi
1135 2593 1336 2629 inclinatio.
1370 2605 1448 2636 p=
1459 2591 1573 2624 animi
1590 2591 1651 2624 in-

954 2641 1027 2673 clin
1036 2652 1058 2672 α
1069 2648 1083 2672 t
1093 2640 1117 2672 i.
1144 2640 1175 2672 V
1184 2655 1229 2667 =
1239 2644 1304 2671 ἀνι.
1328 2638 1353 2670 d
1363 2651 1382 2670 e
1392 2651 1411 2670 c
1422 2637 1572 2670 linatio.

999 2698 1020 2729 p
1032 2701 1078 2714 =
1087 2696 1220 2731 genero
1231 2696 1248 2717 s
1258 2696 1282 2717 a
1294 2695 1313 2716 s
1334 2691 1440 2728 atque
1452 2681 1651 2715 acerrimae

955 2731 1042 2764 indo
1053 2730 1067 2763 l
1076 2743 1094 2763 e
1104 2742 1133 2763 s.

1003 2778 1074 2817 ζ--
1087 2776 1186 2810 viros
1209 2772 1460 2819 corrumpit.

1000 2821 1025 2854 P
1036 2837 1082 2850 =
1094 2821 1212 2854 iacent
1225 2831 1245 2851 o
1257 2830 1352 2864 sque.

1001 2867 1030 2899 R
1040 2881 1085 2895 =
1093 2866 1109 2899 i
1117 2877 1135 2898 s
1144 2873 1159 2898 t
1170 2865 1185 2897 i
1207 2870 1422 2909 gravantur.
