1742 3094
191 243 278 282 Vlll
758 247 1050 287 PRAEFATIO.

191 353 378 395 librorum
400 357 538 411 partim
571 357 618 398 ab
644 358 730 398 aliis
754 359 893 414 partim
919 374 942 400 a
963 373 1025 401 me
1048 360 1133 415 ipso
1154 366 1363 415 excerptas
1393 359 1542 401 subieci
1565 359 1634 400 ad-

193 433 283 474 ditis
315 434 432 475 etiam
465 436 639 477 virorum
672 438 874 478 doctorum
909 438 1172 489 coniecturis,
1204 445 1247 479 ut
1280 438 1512 493 probaretur
1539 452 1633 478 con-

191 518 343 564 textus,
376 521 444 554 aut
465 515 627 570 amplius
647 524 783 571 posset·
810 518 1026 558 emendari.
1088 516 1174 557 Hos
1199 516 1500 557 commentarios
1520 529 1634 570 quam

191 590 485 646 copiosissimos
510 594 609 645 feci,
639 595 736 636 tales
764 602 912 635 tantum
936 596 984 636 ad
1006 609 1090 636 rem
1114 596 1289 636 criticam
1316 595 1432 636 utiles
1454 608 1543 636 esse
1570 608 1635 635 ra-

192 674 281 710 tus:
311 669 477 725 ideo-que
507 672 684 728 singulos
714 674 859 726 libros,
893 688 990 728 quos
1023 674 1108 729 ipse
1134 673 1320 725 excussi,
1353 680 1534 714 accurate
1562 687 1634 714 no-

192 747 289 789 tavi.
346 749 393 790 de
429 751 573 792 ceteris
610 752 721 807 plura
764 753 858 792 dare
907 767 1020 807 quarn
1060 766 1289 808 acceperam
1326 766 1404 793 uon
1447 751 1555 807 potui
1595 758 1636 792 et

193 825 341 868 invitus
363 842 482 884 saepe
515 830 657 885 scripsi
671 831 875 885 plerique
896 846 942 884 ρρ
967 831 1099 886 (codd.
1121 830 1335 884 Romani),
1369 831 1637 884 antiquiores

191 920 254 958 ρρ,
275 905 366 957 alia,
394 908 715 960 quemadmodum
731 907 1010 949 Sanctolonius
1033 915 1306 948 annotaverat.
1351 905 1452 948 Cum
1472 907 1594 947 libros
1613 921 1636 947 a

189 996 253 1023 me
279 983 366 1038 ipso
383 985 577 1039 perlectos
602 1001 680 1027 non
710 986 938 1028 nominatim
967 985 1297 1036 commemoravi,
1330 991 1422 1039 puta
1448 998 1517 1025 eos
1541 999 1635 1026 con-

191 1061 340 1102 sentire
376 1077 463 1104 cum
490 1065 686 1120 scriptura
718 1079 741 1106 a
774 1079 836 1105 me
871 1071 1055 1119 recepta:
1089 1064 1134 1104 de
1156 1062 1317 1117 reliquis
1344 1063 1440 1103 nihil
1467 1063 1631 1104 affirmo.

190 1137 386 1196 Proposui
408 1142 529 1196 igitur
552 1157 632 1184 non
655 1157 703 1184 ea
729 1150 875 1184 tantum
889 1174 900 1194 ,
934 1156 1033 1197 quae
1053 1142 1095 1182 in
1114 1155 1242 1182 meum
1269 1155 1382 1182 usum
1407 1148 1500 1182 sunt
1517 1143 1635 1183 colla-

190 1224 255 1270 ta,
287 1220 357 1260 sed
381 1220 461 1261 alia
481 1235 634 1276 quoque
660 1235 684 1262 a
702 1221 911 1273 Pinciano,
944 1220 1135 1272 Grutero,
1169 1218 1397 1275 Opsopoeo,
1430 1220 1518 1261 aliis
1541 1221 1634 1261 olim

193 1296 418 1340 observata.
480 1300 619 1354 quibus
641 1300 840 1356 congestis
871 1314 921 1340 ne
952 1299 1068 1340 nimis
1097 1305 1297 1340 cresceret
1324 1313 1420 1353 opus
1451 1299 1638 1355 (quatuor

193 1375 296 1416 enim
329 1378 593 1420 voluminibus
619 1392 673 1420 ex
694 1386 810 1435 pacto
845 1386 906 1419 est
937 1375 1261 1431 absolvendum),
1293 1377 1397 1417 notis
1419 1391 1516 1418 usus
1549 1392 1636 1419 sum

192 1460 232 1494 et
259 1454 384 1509 signis
408 1457 645 1509 commodis,
676 1465 720 1498 ut
743 1457 906 1513 opinor:
938 1456 1023 1511 ipse
1050 1469 1148 1497 vero
1177 1468 1302 1510 pauca
1333 1461 1486 1497 tantum
1510 1456 1635 1498 disse·

189 1532 281 1585 rui,
312 1547 400 1574 cum
419 1535 652 1589 praesertim
673 1536 714 1576 in
731 1536 859 1576 indice
885 1541 1000 1589 atque
1031 1534 1073 1574 in
1096 1532 1419 1588 disputationibus
1440 1533 1487 1574 de
1507 1531 1636 1575 Sene-

191 1624 264 1652 cae
298 1608 595 1668 philosophandi
626 1621 666 1655 et
696 1613 894 1655 scribendi
932 1612 1085 1654 ratione
1119 1611 1255 1652 eadem
1298 1611 1492 1652 tractandi
1532 1613 1637 1654 soret

190 1690 317 1731 locus.
376 1690 521 1747 Neque
542 1704 711 1744 vereor,
752 1706 802 1734 ne
830 1691 984 1733 crimini
1008 1691 1083 1731 hoc
1113 1689 1206 1730 milii
1224 1695 1382 1731 vertant
1412 1690 1490 1731 viri
1513 1690 1633 1742 docti,

193 1769 295 1823 quod
311 1769 461 1811 calamo
482 1771 716 1826 temperavi,
741 1772 776 1813 si
796 1769 1047 1812 meminerint
1068 1782 1148 1809 non
1169 1766 1359 1808 tironibus
1378 1782 1440 1809 me
1459 1768 1635 1810 laboras-

192 1860 253 1899 se,
274 1849 346 1891 scd
368 1849 470 1904 ipsis
487 1849 554 1904 qui
576 1864 637 1902 ea,
671 1864 770 1905 quae
791 1850 970 1905 proferre
986 1846 1206 1902 supersedi,
1238 1845 1340 1887 bene
1360 1852 1475 1901 atque
1495 1847 1636 1888 melius

192 1925 310 1967 etiam
333 1927 537 1970 callerent.
580 1926 704 1970 Certe
726 1928 831 1969 facili
855 1940 975 1982 opera
992 1926 1113 1966 multa
1135 1924 1243 1980 potui
1268 1925 1428 1966 laudare
1449 1925 1497 1966 de
1516 1925 1636 1966 rebus

192 2005 483 2058 grammaticis,
515 2006 792 2060 philosophicis
808 2037 819 2056 ,
851 2005 962 2053 aliis,
996 2015 1096 2055 quae
1121 2003 1303 2043 omnibus
1323 2003 1487 2043 eruditis
1509 2017 1638 2057 prom-

192 2082 259 2136 p'ta
285 2089 401 2123 sunt:
446 2083 624 2123 faciliore
660 2082 777 2123 etiam
808 2096 861 2122 ex
885 2078 1067 2122 Senecae
1090 2078 1201 2118 libris
1237 2091 1455 2130 congerere
1487 2078 1636 2120 similes

191 2159 318 2211 locos,
351 2172 438 2200 cum
464 2166 622 2215 praeter
645 2173 708 2211 ea,
741 2172 840 2213 quae
865 2157 950 2213 ipse
970 2169 1040 2211 pei·
1059 2162 1118 2196 tot
1136 2167 1260 2196 annos
1277 2154 1431 2210 collegi,
1463 2155 1504 2196 iu
1525 2155 1637 2197 libris

192 2236 291 2278 meis
316 2237 369 2278 sit
391 2238 532 2292 ingens
558 2236 736 2279 Grauwii
761 2236 883 2278 index
908 2241 1048 2275 mstus.
1110 2231 1308 2287 Quantum
1332 2233 1380 2273 ad
1403 2239 1528 2274 artem
1558 2234 1635 2274 cri-

191 2314 308 2355 ticam
331 2315 432 2356 bene
454 2317 717 2357 exercendam
743 2316 920 2356 conferat
947 2325 1152 2363 errorum,
1186 2311 1248 2366 qui
1274 2325 1295 2352 a
1314 2311 1483 2352 librariis
1505 2312 1634 2353 solent

194 2393 399 2445 committi,
432 2394 597 2449 diligens
622 2393 863 2443 observatio,
889 2391 985 2432 satis
1006 2396 1179 2431 constat:
1212 2389 1359 2430 idcirco
1383 2397 1522 2430 eorum'
1539 2403 1634 2444 quo-

193 2484 269 2526 que
286 2471 453 2513 indicem
485 2473 708 2513 adiecturus
732 2471 911 2520 interim,
946 2468 1011 2510 ubi
1032 2468 1274 2509 commodum
1299 2481 1388 2508 csse
1411 2467 1631 2518 videbatur,

192 2555 351 2604 praeter
380 2557 537 2592 ceteros
572 2550 725 2591 laudavi
749 2546 1064 2590 Drakenborchii
1094 2545 1398 2586 commentarios
1422 2543 1630 2586 Livianos.

191 2625 405 2669 Diversum
427 2628 639 2670 verborum
663 2628 839 2668 ordinem
863 2626 912 2667 iis
946 2631 1096 2666 tantum
1127 2623 1225 2664 locis
1257 2623 1412 2673 notavi,
1445 2621 1511 2676 qui
1536 2621 1632 2662 alias

192 2715 346 2761 qnoque
366 2713 480 2748 erant
499 2706 693 2761 corrupti:
727 2719 840 2760 quem
861 2705 895 2745 si
915 2703 1056 2758 ubique
1077 2702 1290 2743 voluissem
1311 2700 1480 2751 referre,
1512 2711 1631 2740 unum

194 2783 411 2826 alterumve
445 2785 629 2828 volumen
660 2791 746 2825 erat
778 2782 1052 2825 adiiciendum.
1115 2779 1204 2821 Hoc
1233 2786 1363 2820 tamen
1398 2778 1545 2819 affirmo
1568 2788 1631 2818 me
