1742 3094
170 215 222 260 14
626 215 670 255 L.
703 215 900 256 ANNAEI
932 216 1161 256 SENECAE

166 328 341 386 quisquis
359 328 477 369 uitam
499 341 608 369 suam
629 328 884 384 contempsit,
917 335 1006 370 tuae
1026 328 1206 370 dominus
1225 335 1300 370 est.
1351 328 1612 384 Recognosce

164 396 384 452 exemplum
414 409 574 448 eorum,
607 396 672 451 qui
698 396 924 437 domesticis
948 396 1101 437 insidiis
1127 397 1352 452 perierunt,
1383 403 1451 437 aut
1476 404 1611 452 aperta

162 464 203 506 ui
221 471 289 506 aut
305 464 416 505 dolo:
449 463 655 518 intelleges
670 478 749 504 non
764 463 970 519 pauciores
985 478 1192 505 seruorum
1211 464 1271 504 ira
1288 463 1481 505 cecidisse
1496 478 1612 519 quam

164 546 317 587 regum.
381 529 486 586 Quid
509 531 557 572 ad
583 537 622 572 te
654 531 809 586 itaque,
842 545 955 586 quam
977 538 1115 587 potens
1140 531 1192 572 sit
1213 545 1328 586 quem
1351 531 1491 583 times,
1525 545 1612 572 cum

132 618 148 643 τ
167 600 206 641 id
229 605 389 655 propter
410 599 513 653 quod
536 598 651 639 times
665 630 676 650 ,
710 612 825 639 nemo
846 613 925 639 non
946 599 1101 654 possit?
1142 598 1200 640 At
1225 598 1260 639 si
1284 599 1386 639 forte
1408 598 1449 639 in
1471 612 1610 639 manus

163 667 333 709 hostium
362 666 574 717 incideris,
607 666 736 706 uictor
761 673 800 707 te
829 666 918 707 duci
946 666 1108 707 iubebit.
1170 665 1234 707 Eo
1263 679 1403 722 nempe
1434 681 1511 720 quo
1542 666 1611 706 du-

162 735 281 776 ceris.
344 732 450 788 Quid
471 740 511 774 te
530 734 615 788 ipse
634 733 781 788 decipis
805 740 845 774 et
863 733 937 774 hoc
959 747 1062 775 nunc
1081 733 1271 789 primum,
1303 734 1406 788 quod
1430 733 1523 774 olim
1545 747 1612 789 pa-

161 801 344 852 tiebaris,
377 800 603 855 intellegis?
632 799 693 841 Ita
712 800 823 841 dico:
857 813 911 841 ex
932 815 1008 854 quo
1027 808 1142 842 natus
1167 814 1235 852 eS,
1267 801 1439 842 duceris.
1500 799 1612 841 Haec

165 876 205 911 et
231 867 423 910 eiusmodi
445 868 640 908 uei-sanda
662 867 703 907 in
727 867 857 907 animo
885 874 1001 918 sunt,
1034 867 1069 908 si
1097 868 1278 908 uolumus
1307 867 1480 908 ultimam
1507 867 1612 908 illam

166 937 300 978 horam
323 934 461 991 placidi
482 941 729 990 exspectare,
753 934 864 975 cuius
882 940 1010 975 metus
1029 948 1165 976 omnes
1177 935 1272 976 alias
1291 934 1486 989 inquietas
1502 934 1608 976 facit.

281 1001 363 1045 Sed
382 1010 425 1043 ut
447 1002 564 1043 finem
585 1002 773 1057 epistulae
793 1001 975 1057 inponam
988 1033 999 1053 ,
1031 1002 1165 1057 accipe
1185 1002 1287 1056 quod
1308 1002 1401 1042 mihi
1422 1001 1611 1042 hodierno

167 1072 230 1113 die
271 1070 428 1126 placuit.
491 1076 531 1110 et
558 1069 632 1110 hoc
663 1082 816 1124 quoque
846 1082 899 1109 ex
927 1069 1065 1110 alienis
1095 1069 1260 1110 hortulis
1290 1075 1484 1125 sumptum
1520 1075 1608 1110 est:

133 1146 151 1173 8
169 1151 353 1194 maynae
381 1137 562 1179 diuitiae
597 1141 694 1178 sunt
732 1137 826 1191 leye
861 1141 1050 1178 naturae
1088 1137 1317 1191 conposita
1350 1140 1610 1191 paupertas.

165 1205 260 1248 Lex
289 1212 417 1247 autem
443 1205 508 1246 illa
531 1210 694 1245 naturae
722 1204 801 1245 scis
826 1218 924 1259 quos
949 1203 1063 1245 nobis
1085 1204 1274 1245 terminos
1301 1206 1474 1245 statuat?
1514 1202 1611 1245 Non

168 1273 349 1325 esurire,
378 1287 458 1314 non
482 1271 619 1323 sitire,
652 1286 732 1312 non
755 1272 903 1326 algere.
963 1270 1017 1313 Ut
1045 1272 1185 1312 famem
1214 1271 1396 1326 sitimque
1424 1271 1609 1326 depellas,

165 1356 246 1383 non
285 1347 348 1381 est
384 1352 552 1381 necesse
588 1339 768 1394 superbis
811 1339 991 1380 adsidere
1029 1338 1227 1380 liminibus
1258 1352 1333 1380 nec
1362 1338 1612 1394 supercilium

166 1422 288 1464 graue
311 1414 351 1449 et
369 1406 691 1448 contumeliosam
710 1406 826 1447 etiam
842 1405 1119 1447 humanitatem
1136 1405 1235 1461 pati,
1267 1420 1347 1447 non
1365 1412 1428 1447 est
1445 1419 1613 1447 necesse

166 1476 289 1517 maria
312 1481 503 1530 temptare
526 1488 599 1515 nec
624 1473 734 1528 sequi
761 1480 903 1515 castra.
964 1471 1144 1514 Parabile
1168 1479 1230 1514 est
1251 1473 1354 1528 quod
1380 1479 1520 1514 natura
1543 1474 1612 1514 de-

212 1637 451 1679 Recognosce.
488 1644 510 1676 p
530 1649 577 1657 —-·
594 1633 754 1677 Recogn.
910 1636 1050 1675 propter
1064 1630 1164 1663 Haec
1177 1637 1346 1669 mutatum?
1358 1629 1394 1662 in
1410 1630 1613 1663 huiusmodi

212 1679 407 1725 exemplum
440 1689 568 1710 eorum.
615 1689 637 1721 p
667 1692 714 1704 =
746 1687 866 1709 exem-
911 1692 956 1704 =
975 1677 1035 1708 AR
1052 1676 1117 1710 'Kffi
1129 1694 1174 1700 —
1187 1677 1235 1711 Q
1306 1676 1338 1708 G
1353 1682 1387 1708 et
1406 1688 1423 1708 r
1434 1691 1480 1704 =
1495 1675 1611 1710 huius,

160 1724 314 1771 plorum.
352 1736 397 1756 cr.
415 1738 461 1751 =
482 1723 640 1768 exemplo
662 1730 756 1756 sunt.
801 1723 864 1753 Sw.
912 1721 954 1754 de
976 1720 1092 1753 ceteris
1114 1732 1182 1753 non
1206 1727 1347 1753 constat.

167 1770 197 1803 Οἱ
215 1786 262 1823 ,Ξ
285 1768 457 1814 exempla·
809 1812 815 1818 ,
958 1780 1044 1810 A=
1056 1785 1138 1810 sunt
1170 1778 1351 1810 versanda
1378 1778 1416 1809 in
1434 1789 1495 1810 an.
1519 1778 1564 1810 Sc
1582 1776 1612 1811 ’ὶί

211 1815 411 1860 lmellegeS·
449 1814 477 1848 Q
492 1813 656 1865 Ῑῄ-Ψῖα
681 1817 714 1851 'l‘
740 1820 782 1844 ⁶⁶
800 1819 867 1863 ¹3²⁶·
912 1839 958 1851 =
979 1835 1071 1856 vers.
1093 1830 1174 1854 sunt
1196 1823 1236 1854 in
1256 1834 1316 1855 un.
1349 1822 1489 1855 GSorb.
1504 1837 1551 1850 =
1571 1823 1611 1855 in

212 1862 256 1893 sc
276 1861 306 1894 Ἰί
322 1875 369 1888 ==
388 1858 562 1892 ceculzsse
585 1870 654 1892 ινα.
695 1858 725 1890 G
744 1873 790 1885 =
810 1868 868 1889 tra
913 1880 972 1902 an.
993 1879 1086 1900 vers·
1109 1875 1202 1900 sunt,

168 1906 278 1940 cecid.
299 1917 393 1938 serv.

213 1950 308 1993 Quid
335 1950 387 1982 ad
414 1957 449 1981 te
477 1948 610 1993 itaque.
663 1960 699 1982 νο
725 1947 804 1980 Pr.d
822 1963 868 1975 =

169 1996 264 2038 Quid
281 1995 485 2041 prodest
505 1993 638 2038 itaque.
673 2005 692 2024 e
708 2008 755 2021 =
774 1993 870 2035 Quid

167 2054 191 2075 a
215 2049 251 2074 te
272 2043 359 2085 itaq.
380 2058 427 2064 —

211 2084 245 2119 7.
270 2089 319 2119 At
337 2087 371 2117 si
379 2083 485 2129 forte
501 2098 547 2111 =
565 2084 640 2126 pAg
652 2083 683 2115 T
699 2082 770 2126 (013)
792 2081 867 2114 cod.

166 2132 259 2165 Erm-
282 2131 422 2165 (εξ-Ξ.
453 2127 539 2159 Rell.
561 2127 868 2163 mss.‘ls÷)t-—-(5;2,

167 2191 213 2204 =
236 2177 272 2208 A
279 2182 327 2207 ut
350 2174 382 2206 si
395 2172 434 2217 f.

214 2220 378 2253 hostium.
424 2216 497 2248 Bul.
522 2217 565 2248 Sc
588 2216 618 2250 2(
637 2231 683 2243 =
693 2213 867 2260 forciam.

171 2278 188 2300 ν
200 2280 246 2293 =
265 2265 304 2297 in
328 2261 490 2295 manibus
512 2261 746 2294 inimicorum.

214 2310 298 2343 duci
315 2307 454 2341 iubebit.
479 2308 510 2339 A
524 2322 570 2335 =
587 2306 656 2339 iub.
678 2306 771 2338 duci.
795 2305 867 2337 Bul.

169 2357 213 2389 Sc
231 2371 278 2383 =
300 2352 406 2387 iubeb
417 2359 475 2385 at.

214 2404 268 2433 Eo
288 2411 420 2444 nempe.
455 2395 527 2428 Bul.
553 2398 596 2428 Sc
619 2396 648 2431 Ἰ(
668 2411 714 2423 =
734 2394 869 2440 Nempe

169 2457 220 2479 eo.
265 2445 389 2478 Gt—
434 2454 567 2487 nempe.
592 2454 664 2474 soe.
718 2441 747 2473 R
772 2440 865 2485 (del.)

168 2492 284 2536 ηπβιο
306 2485 490 2522 1³3.mI’2.
515 2488 648 2522 923—(5
663 2496 697 2524 —†—
714 2498 868 2519 eonem-

165 2549 212 2582 pe
235 2548 269 2568 m
279 2547 298 2567 ο
308 2546 341 2566 m
351 2546 370 2566 e
379 2545 402 2565 n
414 2541 428 2565 t
439 2544 468 2566 ο.

171 2593 303 2666 (nen-g
325 2578 419 2622 Quid
451 2586 486 2610 te
505 2577 588 2629 ’ipse
606 2595 652 2602 --·
670 2575 867 2622 intellegis.

304 2636 351 2659 ιστ
371 2639 417 2652 =
437 2631 472 2655 te
496 2635 507 2654 ι
534 2633 637 2654 sum.

215 2671 303 2704 G—
324 2669 418 2702 olim.
454 2635 539 2700 AL
545 2667 698 2713 primum
720 2665 868 2699 intelle-

168 2717 249 2763 gis,
273 2714 375 2761 quod.

214 2763 286 2794 Ita.
315 2759 388 2792 Bul.
407 2759 482 2791 Pr.a
503 2759 545 2790 Sc
563 2757 592 2791 2(
611 2772 657 2784 =
679 2758 816 2802 Itaque.

216 2808 330 2839 Ilaec.
379 2803 451 2837 Bul.
488 2805 532 2835 Sc
566 2803 596 2838 'X
624 2807 658 2840 -4-
693 2813 797 2834 erum.

218 2850 391 2885 eiusmodi
408 2864 454 2878 =
468 2849 517 2892 Pp
538 2847 634 2880 Sorb.
653 2859 675 2891 g
692 2848 752 2881 Te.
778 2846 869 2891 quod

959 1913 1121 1946 ultimam
1151 1913 1253 1945 illam
1270 1927 1316 1940 =
1347 1912 1396 1955 Pp
1418 1912 1515 1944 Sorb.
1537 1924 1559 1955 g
1579 1913 1611 1946 T

916 1960 973 1991 Be.
999 1960 1042 1990 Sc
1052 1958 1080 1991 'X
1093 1973 1140 1985 =
1150 1957 1252 1990 illam
1274 1957 1399 1990 horam
1412 1957 1477 1989 ult.
1500 1957 1612 1990 AGRr

913 2005 1003 2039 ffl—
1014 2004 1048 2039 Ε
1065 2018 1112 2031 =
1122 2002 1225 2035 illam
1244 2002 1307 2034 ult.
1330 2001 1415 2045 (rell.
1426 2001 1508 2045 ml.)

958 2058 1109 2104 placidi.
1157 2069 1173 2091 ε
1196 2060 1240 2090 80
1258 2072 1305 2086 =
1321 2058 1496 2102 placide.
1530 2060 1609 2100 Asg-

914 2104 936 2136 b
956 2115 979 2146 g
1002 2103 1074 2147 (cr.)
1094 2118 1141 2131 =
1159 2103 1428 2147 inquietate-s.

960 2149 1025 2180 lzoc
1044 2159 1186 2192 quoque.
1218 2149 1261 2179 Sc
1281 2147 1310 2181 2(
1329 2161 1377 2174 =
1395 2146 1462 2178 hoc
1509 2146 1610 2179 uod.

960 2192 1123 2224 hortulis.
1159 2191 1231 2223 Bul.
1253 2192 1282 2226 Χ
1295 2206 1342 2220 =
1355 2192 1449 2224 artic
1487 2192 1533 2224 is.
1557 2193 1611 2236 Tp

915 2239 957 2269 Sc
975 2237 1029 2269 all.
1048 2252 1095 2265 =
1113 2236 1252 2269 ortulis.

958 2280 991 2314 8.
1016 2289 1166 2315 statuat.
1189 2282 1220 2314 R
1231 2292 1266 2316 εο
1277 2283 1313 2317 {R
1323 2300 1371 2307 -
1383 2282 1448 2317 &Ru
1467 2296 1514 2310 =
1532 2289 1612 2314 δὶα-

914 2336 929 2360 t
938 2339 961 2359 u
971 2339 983 2359 1
997 2335 1023 2359 t.

958 2373 1133 2416 sitimque.
1167 2383 1185 2404 0
1203 2389 1250 2396 -
1268 2383 1343 2416 que.
1369 2370 1427 2403 GB
1445 2386 1492 2400 =
1513 2371 1613 2404 sitim

904 2416 1122 2462 famemque.
1162 2417 1219 2448 eR
1239 2431 1285 2444 =
1306 2416 1474 2462 repellas.

959 2462 1140 2496 adsidere.
1178 2462 1209 2493 G
1227 2476 1274 2491 =
1293 2463 1475 2495 assistere.

959 2515 995 2540 et
1008 2525 1058 2533 —-
1079 2508 1199 2540 etiam.
1230 2506 1280 2540 ita
1307 2518 1408 2551 saepe
1437 2508 1515 2539 Seu.
1542 2505 1609 2539 vid.

913 2551 986 2585 Iud.
1004 2564 1030 2584 s.
1043 2564 1076 2584 v.
1095 2552 1228 2585 Etiam.
1266 2552 1330 2586 GV
1346 2562 1411 2595 αγτ
1424 2569 1471 2576 -
1490 2551 1609 2584 eciam.

959 2608 1227 2641 humanitatem.
1260 2608 1307 2640 sR
1325 2616 1343 2642 ε
1363 2606 1610 2640 Col.=inlm-

914 2654 1134 2687 manitatem.
1161 2655 1225 2698 βγτ
1234 2653 1284 2685 sG
1302 2653 1328 2686 P
1338 2650 1372 2685 3.
1384 2649 1417 2684 4.
1433 2665 1480 2680 =
1492 2651 1610 2685 humi·

915 2699 1064 2732 litatem.

957 2745 1046 2791 pati,
1077 2755 1100 2788 p
1118 2758 1164 2772 =
1178 2742 1330 2789 perpeti.

959 2813 1023 2834 nec
1042 2798 1155 2846 sequi.
1185 2799 1245 2849 BV·
1263 2813 1309 2827 =
1326 2804 1369 2832 et
1389 2796 1500 2843 sequi.
1524 2799 1610 2831 A=

915 2858 978 2879 nec
999 2853 1123 2880 castra
1145 2855 1254 2888 sequi.
