1742 3094
167 186 253 228 508
608 184 653 224 L.
683 184 879 224 ANNAEI
910 185 1138 225 SENECAE

120 318 154 345 43
171 298 397 353 quibusdam
419 297 636 353 praeceptis
659 297 869 338 efficaciter
891 297 1006 338 etiam
1027 297 1355 352 inperitissimos?
1410 299 1517 340 uelut
1544 298 1603 339 his

165 365 412 408 breuissimis
433 364 618 417 uocibus,
651 365 719 406 sed
740 365 901 406 multum
920 365 1150 406 habentibus
1172 366 1380 421 ponderis:

675 432 800 474 Nihil
825 433 963 474 nimis.

392 500 570 542 Auarus
599 501 764 542 animus
792 502 913 542 nullo
941 503 1129 543 satiatur
1156 503 1293 543 lucro.

393 569 460 610 Ab
490 569 580 610 alio
611 574 833 622 exspectes
862 569 996 610 alteri
1023 570 1139 624 quod
1163 569 1339 625 seceris.

168 637 279 678 Haec
303 651 389 678 cum
409 637 489 678 ictu
515 637 678 691 quodam
702 636 879 677 audimus
903 650 975 677 nec
997 637 1065 677 ulli
1091 637 1183 678 licet
1204 638 1379 679 dubitare
1400 645 1467 679 aut
1484 638 1606 679 inter-

166 719 311 761 rogare
333 704 498 760 quare?
555 703 671 744 Adeo
694 703 810 744 etiam
833 703 919 744 sine
936 704 1088 745 ratione
1107 705 1190 759 ipsa
1213 705 1358 746 ueritas
1379 705 1498 746 ducit.
1561 703 1606 746 Si

170 773 398 814 reuerentia
426 773 554 812 frenat
586 770 738 812 animos
760 785 805 811 ac
827 771 921 812 uitia
952 772 1178 827 conpescit,
1226 786 1297 814 cur
1319 787 1399 814 uon
1417 780 1459 814 et
1476 773 1608 814 admo-

121 852 156 880 44
174 841 270 882 nitio
293 841 394 881 idem
414 839 566 894 possit?
626 836 672 880 Si
693 838 845 893 inponit
866 839 1051 894 pudorem
1079 840 1284 894 castigatio
1298 871 1309 891 ,
1342 854 1414 882 cur
1435 840 1610 881 admoni-

171 909 226 949 tio
248 922 326 950 non
350 907 491 958 faciat,
534 906 649 947 etiam
670 906 704 947 si
726 906 839 947 nudis
865 907 1081 962 praeceptis
1106 908 1255 949 utitur?
1311 906 1385 950 Ina
1407 921 1505 949 uero
1531 909 1610 949 effi-

169 977 303 1018 cacior
325 983 388 1017 est
413 982 454 1016 et
474 974 589 1015 altius
610 981 789 1030 penetrat
807 988 904 1029 quae
926 975 1084 1016 adiuuat
1106 976 1257 1017 ratione
1285 977 1384 1031 quod
1406 975 1608 1031 praecipit,

169 1058 270 1099 quae
294 1043 412 1084 adicit
433 1056 552 1097 quare
579 1042 746 1097 quidque
780 1042 999 1083 faciendum
1025 1043 1077 1083 sit
1099 1050 1138 1084 et
1160 1043 1246 1098 quis
1275 1044 1483 1085 facientem
1519 1043 1612 1084 obe-

170 1112 418 1165 dientemque
446 1110 666 1165 praeceptis
689 1111 839 1150 fructus
863 1117 1081 1165 exspectet.
1145 1108 1189 1152 Si
1212 1111 1376 1167 imperio
1394 1111 1608 1166 proficitur,

175 1186 216 1220 et
233 1177 526 1220 admonitione:
569 1185 685 1232 atque
707 1177 907 1233 proficitur
926 1177 1114 1232 imperio,
1148 1191 1243 1233 ergo
1265 1185 1306 1220 ct
1328 1179 1608 1220 admonitione.

123 1255 158 1283 45
175 1245 222 1288 In
241 1247 337 1287 duas
355 1251 486 1301 partes
507 1245 634 1286 uirtus
651 1244 850 1295 diuiditur,
881 1244 922 1285 in
942 1245 1306 1301 contemplationem
1328 1246 1412 1288 ucri
1432 1246 1613 1294 etactio-

170 1328 288 1355 nem:
338 1313 706 1368 contemplationem
741 1312 934 1353 institutio
967 1313 1111 1364 tradit,
1157 1313 1351 1355 actionem
1382 1313 1610 1355 admonitio.

171 1380 367 1424 Uirtutem
399 1388 439 1421 ct
468 1387 633 1421 exercet
662 1387 702 1421 et
731 1380 902 1420 ostendit
937 1387 1045 1422 recta
1087 1381 1213 1422 actioz
1257 1389 1394 1424 acturo
1422 1389 1550 1423 autem
1577 1380 1613 1423 si

172 1450 333 1506 prodest
348 1448 419 1503 >qui
441 1449 602 1499 suadet,
650 1454 691 1489 ct
709 1447 774 1502 qui
796 1454 928 1488 monet
944 1449 1131 1503 proderit.
1191 1448 1302 1505 Ergo
1323 1450 1359 1491 si
1379 1456 1488 1492 recta
1509 1449 1611 1491 actio

172 1517 307 1560 uirtuti
332 1516 557 1557 necessaria
581 1522 665 1566 est,
707 1522 838 1556 rectas
858 1523 987 1556 autem
1019 1517 1193 1558 actiones
1215 1517 1427 1559 admonitio
1451 1518 1611 1558 demon-

173 1592 296 1627 strat:
331 1590 371 1624 et
389 1583 602 1624 admonitio
625 1582 852 1623 necessaria
875 1590 950 1624 est.
1011 1583 1124 1625 Duae
1146 1598 1212 1626 res
1230 1585 1434 1640 plurimum
1455 1584 1610 1626 roboris

174 1652 305 1694 animo
334 1651 449 1702 dant,
495 1650 591 1691 fides
625 1650 710 1691 ueri
742 1656 782 1690 et
809 1650 974 1691 fiducia:
1023 1658 1223 1706 utramque
1254 1652 1466 1694 admonitio
1498 1652 1606 1693 facit.

126 1725 160 1752 4⁶
177 1719 282 1762 Nam
305 1726 345 1760 et
366 1717 539 1759 creditur
561 1717 615 1758 illi
638 1724 700 1769 et,
734 1731 821 1758 cum
843 1718 1029 1759 creditum
1054 1726 1135 1771 est,
1169 1733 1332 1774 magnos
1357 1720 1508 1762 animus
1533 1720 1610 1775 spi-

219 1844 276 1879 43.
303 1843 550 1880 Gm=Nihil
570 1840 738 1876 minus.
921 1855 1008 1895 ergo
1037 1851 1073 1877 et
1106 1845 1359 1878 admonitione.
1406 1847 1481 1883 (31.
1503 1838 1549 1873 ὲ
1571 1844 1612 1877 Si

222 1914 246 1935 a
257 1915 276 1934 ι·
300 1902 393 1934 vitia
403 1916 448 1929 =
459 1901 566 1936 Βῖίῢ.
637 1899 698 1931 GR
712 1899 874 1934 ffi--fflta
919 1901 1004 1934 ΜΨ·
1040 1898 1076 1942 ‚⁶⁶
1106 1891 1200 1942 adm.
1241 1891 1339 1936 profi
1348 1891 1431 1931 cit,
1470 1901 1613 1942 aeque

175 1963 222 1977 ι*
234 1960 256 1980 a
268 1955 314 1979 ut
339 1947 443 1980 vitia.
917 1934 1106 1980 proficitur
1125 1948 1205 1981 imp.
1221 1949 1271 1970 ω,
1320 1937 1443 1974 (ξ2,.-.
1455 1938 1488 1972 (5
1508 1951 1554 1964 =
1571 1935 1611 1968 St

918 1981 1002 2026 imp.
1015 2005 1024 2021 ,
1068 1989 1103 2013 et
1142 1982 1385 2014 admonitione
1411 1981 1610 2026 proficitur.

919 2027 1049 2071 Atqui
1076 2026 1172 2072 prof.
1196 2039 1247 2059 ω.
1294 2027 1338 2061 §m
1359 2046 1400 2053 --
1424 2027 1487 2061 8320
1508 2041 1552 2055 =
1572 2025 1613 2058 Si

919 2072 1066 2116 imperio
1081 2071 1290 2117 proficitur,
1315 2080 1349 2104 et
1371 2071 1613 2104 admonitione

915 2129 939 2162 p
951 2115 1161 2159 roficitu
1173 2130 1191 2148 r
1203 2129 1213 2148 .·
1235 2117 1356 2161 atqui
1374 2117 1605 2161 proficituroe

917 2173 958 2193 ex
977 2161 1067 2193 Pinc.
1090 2173 1122 2193 v.
1146 2161 1169 2192 l.
1182 2187 1191 2201 ,
1216 2161 1271 2205 qui
1291 2167 1402 2194 tamen
1432 2161 1516 2194 nihil
1536 2172 1610 2193 am—

917 2205 1002 2249 plius
1036 2205 1229 2238 laudaverat
1261 2217 1359 2249 quam
1391 2206 1431 2238 Si
1463 2206 1610 2252 imperio

914 2250 1113 2302 profic-iufr,
1140 2259 1174 2283 et
1197 2251 1448 2289 admonitione.
1474 2258 1510 2284 ut
1530 2263 1609 2285 mo-

221 2332 262 2364 Si
281 2330 432 2376 imperio
452 2328 663 2374 proficitur,
688 2335 723 2359 et
744 2327 870 2359 admo-
916 2295 1138 2373 ἓὲἦῗωῖἓῑὲἲ
1153 2308 1204 2374 ¹:1¹3
1215 2296 1395 2380 Sizmsshlbm
1416 2297 1517 2330 verba
1537 2308 1609 2329 esse

175 2377 332 2410 uitione.-
356 2383 479 2419 atque
498 2373 690 2418 proficitur
710 2373 870 2417 imperio,
1140 2353 1162 2385 q
1338 2365 1349 2377 ⁴

175 2433 263 2468 ergo
290 2428 324 2454 et
355 2419 592 2453 admon.=B
613 2423 786 2459 &mutatum
813 2423 871 2450 ta-

175 2479 252 2500 men
274 2475 380 2512 atque
399 2464 440 2497 ab
462 2463 505 2496 al.
528 2474 572 2495 m.
596 2462 631 2495 in
652 2463 807 2508 aeque).

177 2514 212 2550 Ε
231 2528 278 2541 --..-
304 2525 338 2542 ω
364 2510 548 2556 atquioe.
599 2509 630 2541 G
649 2523 695 2537 =
716 2509 756 2540 Si
785 2509 870 2553 imp.

173 2558 388 2605 proficitur,
423 2563 457 2589 et
491 2554 732 2588 admonitione
762 2566 817 2600 pr
830 2565 871 2585 o-

169 2603 380 2650 ficitur.
414 2612 563 2646 aeque
582 2598 678 2645 pnf.
697 2612 746 2631 ω.
791 2599 871 2641 Βρρ

179 2650 237 2682 Gr.
259 2664 304 2677 =
326 2649 366 2680 Si
385 2646 553 2692 imperio,
577 2653 611 2678 et
639 2645 734 2678 adm.
754 2644 872 2690 profi-
1058 2677 1063 2682 ¹
1089 2676 1095 2682 ,
1205 2676 1211 2682 ,

177 2695 281 2728 σίων.
307 2706 359 2727 ae
369 2705 390 2738 q
400 2705 423 2725 u
433 2706 452 2725 e
469 2689 565 2737 profi
585 2703 637 2724 m·
682 2691 717 2726 m
731 2709 769 2714 -
782 2691 814 2724 ξς
826 2705 870 2717 =
918 2675 1114 2708 admonzno
1126 2674 1236 2718 facit.
1272 2675 1342 2707 col.
1355 2691 1401 2704 =
1413 2684 1473 2709 utp-
1483 2688 1507 2708 α
1517 2687 1609 2721 sque

178 2740 220 2772 Si
253 2740 335 2784 imp.
368 2746 403 2771 et
442 2738 582 2770 admon.
617 2735 870 2782 proficiatur.
918 2720 1011 2752 adm·
1029 2719 1062 2766 f·
1109 2720 1194 2753 Bell·
1214 2719 1312 2752 etiam
1331 2721 1422 2754 Pinc-
1437 2721 1496 2753 Gr·
1512 2734 1562 2753 ω·

178 2797 323 2831 aeque
344 2782 437 2829 prof.
459 2795 508 2815 ω.
555 2783 640 2817 X=
657 2781 699 2814 Si
724 2781 874 2832 imperio
961 2780 1018 2816 46.
1042 2783 1071 2818 X
1093 2802 1137 2807 -—
1157 2794 1235 2815 cum
1256 2788 1334 2814 aute
1350 2782 1523 2815 creditum
1546 2791 1612 2816 est.

179 2839 214 2864 et
233 2829 478 2864 admonitione
492 2827 694 2874 proficitur.
725 2827 874 2873 imperio
918 2828 948 2861 R
969 2846 1013 2853 —
1034 2829 1176 2862 animus
1201 2833 1280 2861 ante
1298 2827 1459 2873 spiritus.
1508 2829 1539 2861 G
1551 2829 1610 2862 Gr.

219 2003 277 2037 44.
303 2005 330 2035 B
341 2002 459 2045 (cium)
483 2017 528 2030 ==
549 2002 590 2033 Si
620 2002 728 2047 inpon
741 2002 794 2034 is.

223 2050 254 2082 G
268 2049 354 2094 (sco)
379 2046 671 2091 ΒαγδζῦλπΠσ-τφ
690 2047 714 2079 Ρ
730 2045 759 2078 1.
782 2045 816 2081 3.
837 2042 870 2078 4.

179 2095 249 2128 Col.
262 2095 350 2130 ffl—
364 2095 427 2131 &2
438 2108 483 2121 =
492 2094 691 2138 praeceptis
712 2092 766 2124 uti
774 2104 805 2122 m
817 2104 870 2123 ur.

174 2151 210 2183 ερ
221 2156 264 2168 =
275 2152 330 2184 pr.
355 2148 424 2171 uta
436 2148 504 2171 tur.
539 2138 566 2169 R
581 2138 667 2180 (sm)
681 2138 714 2172 {R
725 2137 873 2181 =qu0d

170 2197 282 2231 praec
292 2197 311 2216 e
321 2185 385 2229 pit·
411 2185 486 2218 3—
499 2184 562 2220 (31-
573 2197 619 2210 =
629 2195 651 2228 q
662 2195 683 2214 u
693 2195 716 2214 a
727 2195 746 2214 e
758 2194 871 2228 prae-

174 2231 272 2309 ciln't.
319 2230 347 2262 ‘21
367 2243 413 2256 =
434 2241 454 2273 q
465 2240 488 2260 u
498 2239 517 2259 ο
529 2227 553 2259 d
593 2228 732 2261 adiicit.
778 2228 804 2258 B
826 2242 871 2254 =

174 2287 194 2308 ο
226 2287 246 2307 o
255 2288 273 2306 e
284 2274 516 2317 dientemque.

959 2399 1016 2435 45.
1043 2403 1181 2447 Gonoe)
1197 2421 1237 2428 —
1250 2411 1374 2437 acturo
1383 2423 1429 2430 —
1444 2416 1610 2438 necessa·-

916 2448 975 2480 ria
1007 2457 1072 2480 est.
1119 2450 1179 2481 mP
1190 2447 1223 2481 3.
1247 2465 1294 2477 =
1317 2450 1472 2483 ostendit
1511 2458 1610 2483 recta

918 2506 969 2526 ra
981 2495 1059 2527 tio.
1106 2495 1133 2526 B
1148 2494 1254 2539 (sm)
1276 2514 1320 2520 -
1340 2503 1374 2528 et
1412 2495 1610 2528 admonitio

916 2545 994 2571 aute
1027 2540 1233 2572 necessaria
1258 2548 1323 2573 est.
1374 2539 1475 2584 G(cr.
1494 2540 1546 2583 ω)
1563 2555 1609 2569 =

913 2584 1021 2626 fides,
1048 2586 1201 2618 veritas
1223 2593 1258 2617 et
1267 2585 1423 2628 fiducia.
1455 2586 1515 2618 BG
1525 2587 1609 2629 αγδε

919 2630 1086 2675 ζὲιστυχῲ
1095 2629 1154 2662 Ρ2.
1167 2630 1232 2666 itm
1243 2649 1285 2655 —
1298 2631 1362 2667 (52.
1380 2646 1426 2659 =
1443 2639 1502 2663 utt-
1511 2642 1534 2662 a
1543 2642 1609 2676 que
