<?xml version="1.0" encoding="UTF-8"?>
<!DOCTYPE html PUBLIC "-//W3C//DTD XHTML 1.0 Transitional//EN"
    "http://www.w3.org/TR/xhtml1/DTD/xhtml1-transitional.dtd">
<html xmlns="http://www.w3.org/1999/xhtml" xml:lang="en" lang="en">
 <head>
  <title>
</title>
<meta http-equiv="Content-Type" content="text/html;charset=utf-8" />
  <meta name='ocr-system' content='tesseract 3.04.00' />
  <meta name='ocr-capabilities' content='ocr_page ocr_carea ocr_par ocr_line ocrx_word'/>
</head>
<body>
  <div class='ocr_page' id='page_1' title='image "./operasene01seneuoft_0546.png"; bbox 0 0 1742 3094; ppageno 0'>
   <div class='ocr_carea' id='block_1_1' title="bbox 179 184 267 228">
    <p class='ocr_par' dir='ltr' id='par_1_1' title="bbox 179 184 267 228">
     <span class='ocr_line' id='line_1_1' title="bbox 179 184 267 228; baseline 0 0"><span class='ocrx_word' id='word_1_1' title='bbox 179 184 267 228; x_wconf 81' lang='lat'>506</span> 
     </span>
    </p>
   </div>
   <div class='ocr_carea' id='block_1_2' title="bbox 632 185 1162 226">
    <p class='ocr_par' dir='ltr' id='par_1_2' title="bbox 632 185 1162 226">
     <span class='ocr_line' id='line_1_2' title="bbox 632 185 1162 226; baseline 0.004 -2"><span class='ocrx_word' id='word_1_2' title='bbox 632 186 678 224; x_wconf 90' lang='lat' dir='ltr'>L.</span> <span class='ocrx_word' id='word_1_3' title='bbox 706 185 903 225; x_wconf 83' lang='lat' dir='ltr'><strong>ANNAEI</strong></span> <span class='ocrx_word' id='word_1_4' title='bbox 933 186 1162 226; x_wconf 84' lang='lat' dir='ltr'><strong>SENECAE</strong></span> 
     </span>
    </p>
   </div>
   <div class='ocr_carea' id='block_1_3' title="bbox 178 294 1614 353">
    <p class='ocr_par' dir='ltr' id='par_1_3' title="bbox 178 294 1614 353">
     <span class='ocr_line' id='line_1_3' title="bbox 178 294 1614 353; baseline 0.002 -15"><span class='ocrx_word' id='word_1_5' title='bbox 178 294 388 353; x_wconf 79' lang='lat' dir='ltr'>sequatur,</span> <span class='ocrx_word' id='word_1_6' title='bbox 422 305 563 353; x_wconf 16' lang='lat' dir='ltr'>¹‘tamen</span> <span class='ocrx_word' id='word_1_7' title='bbox 581 298 792 339; x_wconf 72' lang='lat' dir='ltr'>admonitio</span> <span class='ocrx_word' id='word_1_8' title='bbox 821 299 1097 340; x_wconf 76' lang='lat' dir='ltr'>conroborabit</span> <span class='ocrx_word' id='word_1_9' title='bbox 1117 308 1264 340; x_wconf 78' lang='lat' dir='ltr'>rectam</span> <span class='ocrx_word' id='word_1_10' title='bbox 1284 301 1330 341; x_wconf 85' lang='lat' dir='ltr'>de</span> <span class='ocrx_word' id='word_1_11' title='bbox 1350 300 1462 341; x_wconf 84' lang='lat' dir='ltr'>honis</span> <span class='ocrx_word' id='word_1_12' title='bbox 1483 300 1614 341; x_wconf 84' lang='lat' dir='ltr'>malis-</span> 
     </span>
    </p>
   </div>
   <div class='ocr_carea' id='block_1_4' title="bbox 179 366 521 420">
    <p class='ocr_par' dir='ltr' id='par_1_4' title="bbox 179 366 521 420">
     <span class='ocr_line' id='line_1_4' title="bbox 179 366 521 420; baseline -0.003 -13"><span class='ocrx_word' id='word_1_13' title='bbox 179 380 255 420; x_wconf 87' lang='lat' dir='ltr'>que</span> <span class='ocrx_word' id='word_1_14' title='bbox 273 366 521 407; x_wconf 83' lang='lat' dir='ltr'>sententiam.</span> 
     </span>
    </p>
   </div>
   <div class='ocr_carea' id='block_1_5' title="bbox 583 363 1614 423">
    <p class='ocr_par' dir='ltr' id='par_1_5' title="bbox 583 363 1614 423">
     <span class='ocr_line' id='line_1_5' title="bbox 583 363 1614 423; baseline 0.003 -17"><span class='ocrx_word' id='word_1_15' title='bbox 583 363 681 418; x_wconf 82' lang='lat' dir='ltr'>Illud</span> <span class='ocrx_word' id='word_1_16' title='bbox 700 380 852 421; x_wconf 83' lang='lat' dir='ltr'>quoque</span> <span class='ocrx_word' id='word_1_17' title='bbox 875 366 1009 407; x_wconf 74' lang='lat' dir='ltr'>falsum</span> <span class='ocrx_word' id='word_1_18' title='bbox 1031 374 1093 407; x_wconf 89' lang='lat' dir='ltr'>est</span> <span class='ocrx_word' id='word_1_19' title='bbox 1111 367 1205 408; x_wconf 87' lang='lat' dir='ltr'>nihil</span> <span class='ocrx_word' id='word_1_20' title='bbox 1226 368 1326 422; x_wconf 83' lang='lat' dir='ltr'>apud</span> <span class='ocrx_word' id='word_1_21' title='bbox 1346 367 1506 409; x_wconf 85' lang='lat' dir='ltr'>insanos</span> <span class='ocrx_word' id='word_1_22' title='bbox 1524 382 1614 423; x_wconf 86' lang='lat' dir='ltr'>pro-</span> 
     </span>
    </p>
   </div>
   <div class='ocr_carea' id='block_1_6' title="bbox 178 434 1614 490">
    <p class='ocr_par' dir='ltr' id='par_1_6' title="bbox 178 434 1614 490">
     <span class='ocr_line' id='line_1_6' title="bbox 178 434 1614 490; baseline 0.001 -16"><span class='ocrx_word' id='word_1_23' title='bbox 178 434 296 475; x_wconf 75' lang='lat' dir='ltr'>ficere</span> <span class='ocrx_word' id='word_1_24' title='bbox 315 441 546 490; x_wconf 88' lang='lat' dir='ltr'>praecepta:</span> <span class='ocrx_word' id='word_1_25' title='bbox 579 444 669 475; x_wconf 84' lang='lat' dir='ltr'>nam</span> <span class='ocrx_word' id='word_1_26' title='bbox 695 434 1014 488; x_wconf 81' lang='lat' dir='ltr'>quemadmodum</span> <span class='ocrx_word' id='word_1_27' title='bbox 1038 435 1123 475; x_wconf 83' lang='lat' dir='ltr'>sola</span> <span class='ocrx_word' id='word_1_28' title='bbox 1144 449 1221 475; x_wconf 91' lang='lat' dir='ltr'>non</span> <span class='ocrx_word' id='word_1_29' title='bbox 1245 442 1433 490; x_wconf 82' lang='lat' dir='ltr'>prosunt,</span> <span class='ocrx_word' id='word_1_30' title='bbox 1466 435 1524 476; x_wconf 83' lang='lat' dir='ltr'>sic</span> <span class='ocrx_word' id='word_1_31' title='bbox 1546 450 1614 476; x_wconf 87' lang='lat' dir='ltr'>cu-</span> 
     </span>
    </p>
   </div>
   <div class='ocr_carea' id='block_1_7' title="bbox 178 502 600 611">
    <p class='ocr_par' dir='ltr' id='par_1_7' title="bbox 178 502 600 611">
     <span class='ocr_line' id='line_1_7' title="bbox 178 502 600 543; baseline 0 -1"><span class='ocrx_word' id='word_1_32' title='bbox 178 504 368 543; x_wconf 78' lang='lat' dir='ltr'>rationem</span> <span class='ocrx_word' id='word_1_33' title='bbox 402 502 600 543; x_wconf 86' lang='lat' dir='ltr'>adiuuant.</span> 
     </span>
     <span class='ocr_line' id='line_1_8' title="bbox 181 570 275 611; baseline -0.011 0"><span class='ocrx_word' id='word_1_34' title='bbox 181 570 275 611; x_wconf 76' lang='lat' dir='ltr'>cuit.</span> 
     </span>
    </p>
   </div>
   <div class='ocr_carea' id='block_1_8' title="bbox 337 501 1616 624">
    <p class='ocr_par' dir='ltr' id='par_1_8' title="bbox 337 501 1616 624">
     <span class='ocr_line' id='line_1_9' title="bbox 660 501 1614 557; baseline 0.001 -15"><span class='ocrx_word' id='word_1_35' title='bbox 660 508 700 542; x_wconf 87' lang='lat' dir='ltr'>et</span> <span class='ocrx_word' id='word_1_36' title='bbox 725 501 965 543; x_wconf 82' lang='lat' dir='ltr'>denuntiatio</span> <span class='ocrx_word' id='word_1_37' title='bbox 995 509 1036 543; x_wconf 90' lang='lat' dir='ltr'>et</span> <span class='ocrx_word' id='word_1_38' title='bbox 1065 502 1268 557; x_wconf 78' lang='lat' dir='ltr'>castigatio</span> <span class='ocrx_word' id='word_1_39' title='bbox 1308 503 1469 545; x_wconf 86' lang='lat' dir='ltr'>insanos</span> <span class='ocrx_word' id='word_1_40' title='bbox 1503 517 1614 544; x_wconf 83' lang='lat' dir='ltr'>coer-</span> 
     </span>
     <span class='ocr_line' id='line_1_10' title="bbox 337 569 1616 624; baseline 0.001 -13"><span class='ocrx_word' id='word_1_41' title='bbox 337 569 398 611; x_wconf 89' lang='lat' dir='ltr'>De</span> <span class='ocrx_word' id='word_1_42' title='bbox 428 570 503 611; x_wconf 86' lang='lat' dir='ltr'>illis</span> <span class='ocrx_word' id='word_1_43' title='bbox 525 584 628 611; x_wconf 88' lang='lat' dir='ltr'>nnnc</span> <span class='ocrx_word' id='word_1_44' title='bbox 650 569 800 610; x_wconf 85' lang='lat' dir='ltr'>insanis</span> <span class='ocrx_word' id='word_1_45' title='bbox 822 569 963 623; x_wconf 88' lang='lat' dir='ltr'>loquor</span> <span class='ocrx_word' id='word_1_46' title='bbox 981 569 1119 624; x_wconf 89' lang='lat' dir='ltr'>quibus</span> <span class='ocrx_word' id='word_1_47' title='bbox 1146 585 1255 612; x_wconf 86' lang='lat' dir='ltr'>mens</span> <span class='ocrx_word' id='word_1_48' title='bbox 1280 578 1383 612; x_wconf 86' lang='lat' dir='ltr'>mota</span> <span class='ocrx_word' id='word_1_49' title='bbox 1408 578 1492 624; x_wconf 82' lang='lat' dir='ltr'>est,</span> <span class='ocrx_word' id='word_1_50' title='bbox 1538 585 1616 612; x_wconf 83' lang='lat' dir='ltr'>non</span> 
     </span>
    </p>
   </div>
   <div class='ocr_carea' id='block_1_9' title="bbox 132 635 1618 828">
    <p class='ocr_par' dir='ltr' id='par_1_9' title="bbox 132 635 1618 828">
     <span class='ocr_line' id='line_1_11' title="bbox 132 635 1617 694; baseline 0.001 -15"><span class='ocrx_word' id='word_1_51' title='bbox 132 647 166 674; x_wconf 74' lang='lat'>37</span> <span class='ocrx_word' id='word_1_52' title='bbox 185 646 333 693; x_wconf 85' lang='lat' dir='ltr'>erepta.</span> <span class='ocrx_word' id='word_1_53' title='bbox 394 637 554 693; x_wconf 72' lang='lat' dir='ltr'>Leyes,</span> <span class='ocrx_word' id='word_1_54' title='bbox 585 637 733 692; x_wconf 81' lang='lat' dir='ltr'>inquit,</span> <span class='ocrx_word' id='word_1_55' title='bbox 774 641 819 678; x_wconf 81' lang='lat' dir='ltr'>ut</span> <span class='ocrx_word' id='word_1_56' title='bbox 836 635 1053 691; x_wconf 77' lang='lat' dir='ltr'>faciamus</span> <span class='ocrx_word' id='word_1_57' title='bbox 1070 638 1185 692; x_wconf 76' lang='lat' dir='ltr'>quod</span> <span class='ocrx_word' id='word_1_58' title='bbox 1207 644 1407 693; x_wconf 76' lang='lat' dir='ltr'>oportet,</span> <span class='ocrx_word' id='word_1_59' title='bbox 1450 652 1537 680; x_wconf 73' lang='lat' dir='ltr'>non</span> <span class='ocrx_word' id='word_1_60' title='bbox 1554 640 1617 694; x_wconf 81' lang='lat' dir='ltr'>es-</span> 
     </span>
     <span class='ocr_line' id='line_1_12' title="bbox 178 704 1618 762; baseline 0 -15"><span class='ocrx_word' id='word_1_61' title='bbox 178 704 356 761; x_wconf 77' lang='lat' dir='ltr'>fi&#39;cz&#39;unt:</span> <span class='ocrx_word' id='word_1_62' title='bbox 399 711 440 747; x_wconf 75' lang='grc' dir='ltr'>ει</span> <span class='ocrx_word' id='word_1_63' title='bbox 460 705 562 761; x_wconf 71' lang='lat' dir='ltr'>quid</span> <span class='ocrx_word' id='word_1_64' title='bbox 592 705 714 746; x_wconf 68' lang='lat' dir='ltr'>aliud</span> <span class='ocrx_word' id='word_1_65' title='bbox 750 709 847 746; x_wconf 75' lang='lat' dir='ltr'>sunt</span> <span class='ocrx_word' id='word_1_66' title='bbox 874 718 998 759; x_wconf 77' lang='lat' dir='ltr'><strong><em>quam</em></strong></span> <span class='ocrx_word' id='word_1_67' title='bbox 1028 706 1152 747; x_wconf 76' lang='lat' dir='ltr'>minis</span> <span class='ocrx_word' id='word_1_68' title='bbox 1183 707 1319 748; x_wconf 67' lang='lat' dir='ltr'>mixta</span> <span class='ocrx_word' id='word_1_69' title='bbox 1339 707 1618 762; x_wconf 64' lang='lat' dir='ltr'>praecepta?</span> 
     </span>
     <span class='ocr_line' id='line_1_13' title="bbox 180 772 1616 828; baseline 0.001 -14"><span class='ocrx_word' id='word_1_70' title='bbox 180 772 355 814; x_wconf 86' lang='lat' dir='ltr'>Primum</span> <span class='ocrx_word' id='word_1_71' title='bbox 387 773 559 814; x_wconf 85' lang='lat' dir='ltr'>omnium</span> <span class='ocrx_word' id='word_1_72' title='bbox 590 773 638 813; x_wconf 96' lang='lat' dir='ltr'>ob</span> <span class='ocrx_word' id='word_1_73' title='bbox 666 772 739 814; x_wconf 90' lang='lat' dir='ltr'>hoc</span> <span class='ocrx_word' id='word_1_74' title='bbox 768 772 859 813; x_wconf 83' lang='lat' dir='ltr'>illae</span> <span class='ocrx_word' id='word_1_75' title='bbox 885 786 964 813; x_wconf 82' lang='lat' dir='ltr'>non</span> <span class='ocrx_word' id='word_1_76' title='bbox 988 773 1254 828; x_wconf 77' lang='lat' dir='ltr'>persuadent,</span> <span class='ocrx_word' id='word_1_77' title='bbox 1285 774 1376 828; x_wconf 76' lang='lat' dir='ltr'>quia</span> <span class='ocrx_word' id='word_1_78' title='bbox 1398 774 1616 815; x_wconf 76' lang='lat' dir='ltr'>minantur:</span> 
     </span>
    </p>
   </div>
   <div class='ocr_carea' id='block_1_10' title="bbox 182 840 962 895">
    <p class='ocr_par' dir='ltr' id='par_1_10' title="bbox 182 840 962 895">
     <span class='ocr_line' id='line_1_14' title="bbox 182 840 962 895; baseline -0.003 -13"><span class='ocrx_word' id='word_1_79' title='bbox 182 848 224 882; x_wconf 85' lang='lat' dir='ltr'>at</span> <span class='ocrx_word' id='word_1_80' title='bbox 245 843 340 882; x_wconf 85' lang='lat' dir='ltr'>haec</span> <span class='ocrx_word' id='word_1_81' title='bbox 361 855 439 882; x_wconf 91' lang='lat' dir='ltr'>non</span> <span class='ocrx_word' id='word_1_82' title='bbox 467 847 637 895; x_wconf 82' lang='lat' dir='ltr'>cogunt,</span> <span class='ocrx_word' id='word_1_83' title='bbox 687 840 755 881; x_wconf 83' lang='lat' dir='ltr'>sed</span> <span class='ocrx_word' id='word_1_84' title='bbox 777 846 962 881; x_wconf 82' lang='lat' dir='ltr'>exorant.</span> 
     </span>
    </p>
   </div>
   <div class='ocr_carea' id='block_1_11' title="bbox 1024 839 1618 896">
    <p class='ocr_par' dir='ltr' id='par_1_11' title="bbox 1024 839 1618 896">
     <span class='ocr_line' id='line_1_15' title="bbox 1024 839 1618 896; baseline 0.002 -15"><span class='ocrx_word' id='word_1_85' title='bbox 1024 839 1179 882; x_wconf 82' lang='lat' dir='ltr'>Deinde</span> <span class='ocrx_word' id='word_1_86' title='bbox 1202 841 1311 896; x_wconf 81' lang='lat' dir='ltr'>leges</span> <span class='ocrx_word' id='word_1_87' title='bbox 1334 855 1358 882; x_wconf 87' lang='lat' dir='ltr'>a</span> <span class='ocrx_word' id='word_1_88' title='bbox 1379 841 1531 883; x_wconf 85' lang='lat' dir='ltr'>scelere</span> <span class='ocrx_word' id='word_1_89' title='bbox 1550 842 1618 882; x_wconf 88' lang='lat' dir='ltr'>de-</span> 
     </span>
    </p>
   </div>
   <div class='ocr_carea' id='block_1_12' title="bbox 181 907 1622 1033">
    <p class='ocr_par' dir='ltr' id='par_1_12' title="bbox 181 907 1622 1033">
     <span class='ocr_line' id='line_1_16' title="bbox 181 907 1622 965; baseline 0 -15"><span class='ocrx_word' id='word_1_90' title='bbox 181 915 356 950; x_wconf 82' lang='lat' dir='ltr'>terrent:</span> <span class='ocrx_word' id='word_1_91' title='bbox 390 915 598 965; x_wconf 78' lang='lat' dir='ltr'>praecepta</span> <span class='ocrx_word' id='word_1_92' title='bbox 614 908 655 949; x_wconf 84' lang='lat' dir='ltr'>in</span> <span class='ocrx_word' id='word_1_93' title='bbox 671 908 835 949; x_wconf 84' lang='lat' dir='ltr'>officium</span> <span class='ocrx_word' id='word_1_94' title='bbox 857 907 1124 949; x_wconf 81' lang='lat' dir='ltr'>adhortantur.</span> <span class='ocrx_word' id='word_1_95' title='bbox 1177 907 1251 949; x_wconf 80' lang='lat' dir='ltr'>nis</span> <span class='ocrx_word' id='word_1_96' title='bbox 1271 909 1381 950; x_wconf 86' lang='lat' dir='ltr'>adice</span> <span class='ocrx_word' id='word_1_97' title='bbox 1397 909 1497 964; x_wconf 91' lang='lat' dir='ltr'>quod</span> <span class='ocrx_word' id='word_1_98' title='bbox 1512 910 1622 964; x_wconf 76' lang='lat' dir='ltr'>leges</span> 
     </span>
     <span class='ocr_line' id='line_1_17' title="bbox 183 976 1620 1033; baseline -0.001 -15"><span class='ocrx_word' id='word_1_99' title='bbox 183 991 335 1032; x_wconf 83' lang='lat' dir='ltr'>quoque</span> <span class='ocrx_word' id='word_1_100' title='bbox 367 977 574 1033; x_wconf 84' lang='lat' dir='ltr'>proliciunt</span> <span class='ocrx_word' id='word_1_101' title='bbox 592 977 640 1017; x_wconf 87' lang='lat' dir='ltr'>ad</span> <span class='ocrx_word' id='word_1_102' title='bbox 663 976 790 1017; x_wconf 89' lang='lat' dir='ltr'>bonos</span> <span class='ocrx_word' id='word_1_103' title='bbox 814 990 944 1017; x_wconf 84' lang='lat' dir='ltr'>mores</span> <span class='ocrx_word' id='word_1_104' title='bbox 960 1007 971 1026; x_wconf 89' lang='lat'><strong>‚</strong></span> <span class='ocrx_word' id='word_1_105' title='bbox 1018 976 1150 1030; x_wconf 85' lang='lat' dir='ltr'>utique</span> <span class='ocrx_word' id='word_1_106' title='bbox 1170 976 1205 1017; x_wconf 84' lang='lat' dir='ltr'>si</span> <span class='ocrx_word' id='word_1_107' title='bbox 1225 990 1304 1017; x_wconf 90' lang='lat' dir='ltr'>non</span> <span class='ocrx_word' id='word_1_108' title='bbox 1334 983 1484 1018; x_wconf 85' lang='lat' dir='ltr'>tantum</span> <span class='ocrx_word' id='word_1_109' title='bbox 1500 977 1620 1032; x_wconf 85' lang='lat' dir='ltr'>impe-</span> 
     </span>
    </p>
   </div>
   <div class='ocr_carea' id='block_1_13' title="bbox 134 1046 593 1096">
    <p class='ocr_par' dir='ltr' id='par_1_13' title="bbox 134 1046 593 1096">
     <span class='ocr_line' id='line_1_18' title="bbox 134 1046 593 1096; baseline -0.002 -10"><span class='ocrx_word' id='word_1_110' title='bbox 134 1051 169 1078; x_wconf 82' lang='grc'>38</span> <span class='ocrx_word' id='word_1_111' title='bbox 185 1053 301 1096; x_wconf 82' lang='lat' dir='ltr'>rant,</span> <span class='ocrx_word' id='word_1_112' title='bbox 346 1046 415 1086; x_wconf 84' lang='lat' dir='ltr'>sed</span> <span class='ocrx_word' id='word_1_113' title='bbox 438 1046 593 1086; x_wconf 82' lang='lat' dir='ltr'>docent.</span> 
     </span>
    </p>
   </div>
   <div class='ocr_carea' id='block_1_14' title="bbox 656 1042 1620 1100">
    <p class='ocr_par' dir='ltr' id='par_1_14' title="bbox 656 1042 1620 1100">
     <span class='ocr_line' id='line_1_19' title="bbox 656 1042 1620 1100; baseline 0.001 -16"><span class='ocrx_word' id='word_1_114' title='bbox 656 1042 704 1084; x_wconf 87' lang='lat' dir='ltr'>In</span> <span class='ocrx_word' id='word_1_115' title='bbox 731 1044 800 1084; x_wconf 85' lang='lat' dir='ltr'>hac</span> <span class='ocrx_word' id='word_1_116' title='bbox 819 1057 863 1084; x_wconf 86' lang='lat' dir='ltr'>re</span> <span class='ocrx_word' id='word_1_117' title='bbox 886 1044 1076 1084; x_wconf 87' lang='lat' dir='ltr'>dissentio</span> <span class='ocrx_word' id='word_1_118' title='bbox 1101 1057 1124 1084; x_wconf 87' lang='lat' dir='ltr'>a</span> <span class='ocrx_word' id='word_1_119' title='bbox 1146 1042 1360 1085; x_wconf 81' lang='lat' dir='ltr'>Posidonio</span> <span class='ocrx_word' id='word_1_120' title='bbox 1386 1044 1451 1098; x_wconf 86' lang='lat' dir='ltr'>qui</span> <span class='ocrx_word' id='word_1_121' title='bbox 1479 1058 1550 1100; x_wconf 91' lang='lat' dir='ltr'>pro</span> <span class='ocrx_word' id='word_1_122' title='bbox 1573 1058 1620 1085; x_wconf 86' lang='lat' dir='ltr'>eo</span> 
     </span>
    </p>
   </div>
   <div class='ocr_carea' id='block_1_15' title="bbox 182 1111 1620 1234">
    <p class='ocr_par' dir='ltr' id='par_1_15' title="bbox 182 1111 1620 1234">
     <span class='ocr_line' id='line_1_20' title="bbox 182 1111 1617 1168; baseline -0.001 -15"><span class='ocrx_word' id='word_1_123' title='bbox 182 1113 284 1168; x_wconf 71' lang='lat' dir='ltr'>quod</span> <span class='ocrx_word' id='word_1_124' title='bbox 305 1111 483 1154; x_wconf 88' lang='lat' dir='ltr'>Platonis</span> <span class='ocrx_word' id='word_1_125' title='bbox 511 1112 663 1166; x_wconf 84' lang='lat' dir='ltr'>legibus</span> <span class='ocrx_word' id='word_1_126' title='bbox 693 1111 846 1152; x_wconf 85' lang='lat' dir='ltr'>adiecta</span> <span class='ocrx_word' id='word_1_127' title='bbox 875 1111 1064 1167; x_wconf 88' lang='lat' dir='ltr'>principia</span> <span class='ocrx_word' id='word_1_128' title='bbox 1087 1118 1201 1152; x_wconf 89' lang='lat' dir='ltr'>sunt:</span> <span class='ocrx_word' id='word_1_129' title='bbox 1247 1111 1432 1166; x_wconf 73' lang='lat' dir='ltr'>Leyem,</span> <span class='ocrx_word' id='word_1_130' title='bbox 1475 1112 1617 1167; x_wconf 83' lang='lat' dir='ltr'>inquit,</span> 
     </span>
     <span class='ocr_line' id='line_1_21' title="bbox 183 1178 1620 1234; baseline -0.001 -12"><span class='ocrx_word' id='word_1_131' title='bbox 183 1179 354 1222; x_wconf 71' lang='lat' dir='ltr'>breuem</span> <span class='ocrx_word' id='word_1_132' title='bbox 383 1195 475 1222; x_wconf 76' lang='lat' dir='ltr'>esse</span> <span class='ocrx_word' id='word_1_133' title='bbox 504 1184 704 1234; x_wconf 82' lang='lat' dir='ltr'>oportet,</span> <span class='ocrx_word' id='word_1_134' title='bbox 748 1192 831 1233; x_wconf 79' lang='lat' dir='ltr'>qno</span> <span class='ocrx_word' id='word_1_135' title='bbox 871 1178 1053 1234; x_wconf 58' lang='lat' dir='ltr'>facilius</span> <span class='ocrx_word' id='word_1_136' title='bbox 1081 1179 1136 1220; x_wconf 83' lang='lat' dir='ltr'>ab</span> <span class='ocrx_word' id='word_1_137' title='bbox 1166 1180 1368 1233; x_wconf 75' lang='lat' dir='ltr'>inperitis</span> <span class='ocrx_word' id='word_1_138' title='bbox 1410 1184 1620 1222; x_wconf 71' lang='lat' dir='ltr'>teneatur.</span> 
     </span>
    </p>
   </div>
   <div class='ocr_carea' id='block_1_16' title="bbox 193 1246 1439 1301">
    <p class='ocr_par' dir='ltr' id='par_1_16' title="bbox 193 1246 1439 1301">
     <span class='ocr_line' id='line_1_22' title="bbox 193 1246 1439 1301; baseline -0.002 -11"><span class='ocrx_word' id='word_1_139' title='bbox 193 1247 320 1290; x_wconf 73' lang='lat' dir='ltr'>Uelnt</span> <span class='ocrx_word' id='word_1_140' title='bbox 340 1250 494 1290; x_wconf 79' lang='lat' dir='ltr'>emissa</span> <span class='ocrx_word' id='word_1_141' title='bbox 509 1247 716 1288; x_wconf 63' lang='lat' dir='ltr'>dincinitus</span> <span class='ocrx_word' id='word_1_142' title='bbox 731 1260 818 1287; x_wconf 77' lang='lat' dir='ltr'>nox</span> <span class='ocrx_word' id='word_1_143' title='bbox 837 1248 917 1287; x_wconf 79' lang='lat' dir='ltr'>sit:</span> <span class='ocrx_word' id='word_1_144' title='bbox 947 1246 1105 1297; x_wconf 68' lang='lat' dir='ltr'>iubeat,</span> <span class='ocrx_word' id='word_1_145' title='bbox 1135 1259 1223 1288; x_wconf 71' lang='lat' dir='ltr'>non</span> <span class='ocrx_word' id='word_1_146' title='bbox 1240 1246 1439 1301; x_wconf 74' lang='lat' dir='ltr'>disputet.</span> 
     </span>
    </p>
   </div>
   <div class='ocr_carea' id='block_1_17' title="bbox 1502 1247 1624 1290">
    <p class='ocr_par' dir='ltr' id='par_1_17' title="bbox 1502 1247 1624 1290">
     <span class='ocr_line' id='line_1_23' title="bbox 1502 1247 1624 1290; baseline -0.016 0"><span class='ocrx_word' id='word_1_147' title='bbox 1502 1247 1551 1290; x_wconf 86' lang='lat' dir='ltr'><em>N</em></span> <span class='ocrx_word' id='word_1_148' title='bbox 1548 1247 1624 1288; x_wconf 68' lang='lat' dir='ltr'>ihil</span> 
     </span>
    </p>
   </div>
   <div class='ocr_carea' id='block_1_18' title="bbox 184 1313 1638 1506">
    <p class='ocr_par' dir='ltr' id='par_1_18' title="bbox 184 1313 1638 1506">
     <span class='ocr_line' id='line_1_24' title="bbox 184 1313 1638 1371; baseline -0.001 -13"><span class='ocrx_word' id='word_1_149' title='bbox 184 1316 358 1358; x_wconf 72' lang='lat' dir='ltr'>uidetur</span> <span class='ocrx_word' id='word_1_150' title='bbox 380 1316 481 1358; x_wconf 65' lang='lat' dir='ltr'>milei</span> <span class='ocrx_word' id='word_1_151' title='bbox 496 1314 722 1371; x_wconf 49' lang='lat' dir='ltr'>limpidius,</span> <span class='ocrx_word' id='word_1_152' title='bbox 744 1313 851 1355; x_wconf 73' lang='lat' dir='ltr'>nihil</span> <span class='ocrx_word' id='word_1_153' title='bbox 868 1315 1056 1368; x_wconf 73' lang='lat' dir='ltr'>ineptius</span> <span class='ocrx_word' id='word_1_154' title='bbox 1070 1328 1194 1370; x_wconf 79' lang='lat' dir='ltr'><em>quam</em></span> <span class='ocrx_word' id='word_1_155' title='bbox 1217 1315 1288 1356; x_wconf 81' lang='lat' dir='ltr'>lex</span> <span class='ocrx_word' id='word_1_156' title='bbox 1311 1328 1403 1356; x_wconf 75' lang='lat' dir='ltr'>cum</span> <span class='ocrx_word' id='word_1_157' title='bbox 1419 1315 1638 1370; x_wconf 54' lang='lat' dir='ltr'>proloqu„</span> 
     </span>
     <span class='ocr_line' id='line_1_25' title="bbox 189 1381 1623 1439; baseline -0.001 -13"><span class='ocrx_word' id='word_1_158' title='bbox 189 1385 349 1436; x_wconf 77' lang='lat' dir='ltr'>Mone,</span> <span class='ocrx_word' id='word_1_159' title='bbox 395 1384 466 1425; x_wconf 77' lang='lat' dir='ltr'>dic</span> <span class='ocrx_word' id='word_1_160' title='bbox 504 1383 607 1439; x_wconf 79' lang='lat' dir='ltr'>quid</span> <span class='ocrx_word' id='word_1_161' title='bbox 636 1397 702 1424; x_wconf 84' lang='lat' dir='ltr'>me</span> <span class='ocrx_word' id='word_1_162' title='bbox 725 1383 834 1424; x_wconf 74' lang='lat' dir='ltr'>uelis</span> <span class='ocrx_word' id='word_1_163' title='bbox 865 1381 1050 1438; x_wconf 76' lang='lat' dir='ltr'>secisse.-</span> <span class='ocrx_word' id='word_1_164' title='bbox 1089 1395 1175 1424; x_wconf 80' lang='lat' dir='ltr'>nou</span> <span class='ocrx_word' id='word_1_165' title='bbox 1199 1382 1344 1434; x_wconf 74' lang='lat' dir='ltr'>disco,</span> <span class='ocrx_word' id='word_1_166' title='bbox 1374 1382 1452 1424; x_wconf 79' lang='lat' dir='ltr'>sed</span> <span class='ocrx_word' id='word_1_167' title='bbox 1466 1396 1623 1437; x_wconf 80' lang='lat' dir='ltr'>pareo.</span> 
     </span>
     <span class='ocr_line' id='line_1_26' title="bbox 187 1450 1625 1506; baseline -0.002 -12"><span class='ocrx_word' id='word_1_168' title='bbox 187 1451 403 1494; x_wconf 83' lang='lat' dir='ltr'>Proficiunt</span> <span class='ocrx_word' id='word_1_169' title='bbox 421 1466 543 1493; x_wconf 86' lang='lat' dir='ltr'>uero:</span> <span class='ocrx_word' id='word_1_170' title='bbox 587 1452 718 1506; x_wconf 78' lang='lat' dir='ltr'>itaque</span> <span class='ocrx_word' id='word_1_171' title='bbox 739 1450 852 1491; x_wconf 83' lang='lat' dir='ltr'>malis</span> <span class='ocrx_word' id='word_1_172' title='bbox 874 1450 1046 1491; x_wconf 76' lang='lat' dir='ltr'>moribus</span> <span class='ocrx_word' id='word_1_173' title='bbox 1070 1450 1125 1492; x_wconf 91' lang='lat' dir='ltr'>uti</span> <span class='ocrx_word' id='word_1_174' title='bbox 1154 1450 1305 1491; x_wconf 77' lang='lat' dir='ltr'>uidebis</span> <span class='ocrx_word' id='word_1_175' title='bbox 1330 1450 1511 1491; x_wconf 82' lang='lat' dir='ltr'>ciuitates</span> <span class='ocrx_word' id='word_1_176' title='bbox 1532 1465 1625 1492; x_wconf 79' lang='lat' dir='ltr'>usas</span> 
     </span>
    </p>
   </div>
   <div class='ocr_carea' id='block_1_19' title="bbox 140 1520 486 1575">
    <p class='ocr_par' dir='ltr' id='par_1_19' title="bbox 140 1520 486 1575">
     <span class='ocr_line' id='line_1_27' title="bbox 140 1520 486 1575; baseline -0.009 -12"><span class='ocrx_word' id='word_1_177' title='bbox 140 1530 174 1557; x_wconf 78' lang='lat'>³9</span> <span class='ocrx_word' id='word_1_178' title='bbox 190 1522 304 1562; x_wconf 81' lang='lat' dir='ltr'>malis</span> <span class='ocrx_word' id='word_1_179' title='bbox 318 1520 486 1575; x_wconf 87' lang='lat' dir='ltr'>legibus.</span> 
     </span>
    </p>
   </div>
   <div class='ocr_carea' id='block_1_20' title="bbox 545 1518 1222 1574">
    <p class='ocr_par' dir='ltr' id='par_1_20' title="bbox 545 1518 1222 1574">
     <span class='ocr_line' id='line_1_28' title="bbox 545 1518 1222 1574; baseline -0.001 -14"><span class='ocrx_word' id='word_1_180' title='bbox 545 1518 603 1560; x_wconf 89' lang='lat' dir='ltr'>At</span> <span class='ocrx_word' id='word_1_181' title='bbox 628 1533 707 1559; x_wconf 91' lang='lat' dir='ltr'>non</span> <span class='ocrx_word' id='word_1_182' title='bbox 731 1518 831 1573; x_wconf 85' lang='lat' dir='ltr'>apud</span> <span class='ocrx_word' id='word_1_183' title='bbox 855 1518 982 1558; x_wconf 87' lang='lat' dir='ltr'>omnis</span> <span class='ocrx_word' id='word_1_184' title='bbox 1003 1518 1222 1574; x_wconf 85' lang='lat' dir='ltr'>proficiunt.</span> 
     </span>
    </p>
   </div>
   <div class='ocr_carea' id='block_1_21' title="bbox 1281 1517 1625 1574">
    <p class='ocr_par' dir='ltr' id='par_1_21' title="bbox 1281 1517 1625 1574">
     <span class='ocr_line' id='line_1_29' title="bbox 1281 1517 1625 1574; baseline -0.003 -15"><span class='ocrx_word' id='word_1_185' title='bbox 1281 1517 1325 1559; x_wconf 90' lang='lat' dir='ltr'>N</span> <span class='ocrx_word' id='word_1_186' title='bbox 1327 1532 1349 1559; x_wconf 88' lang='lat' dir='ltr'>e</span> <span class='ocrx_word' id='word_1_187' title='bbox 1384 1518 1625 1574; x_wconf 79' lang='lat' dir='ltr'>philosophia</span> 
     </span>
    </p>
   </div>
   <div class='ocr_carea' id='block_1_22' title="bbox 189 1586 1628 1712">
    <p class='ocr_par' dir='ltr' id='par_1_22' title="bbox 189 1586 1628 1712">
     <span class='ocr_line' id='line_1_30' title="bbox 189 1586 1626 1644; baseline -0.003 -14"><span class='ocrx_word' id='word_1_188' title='bbox 189 1589 367 1644; x_wconf 87' lang='lat' dir='ltr'>quidem:</span> <span class='ocrx_word' id='word_1_189' title='bbox 401 1602 474 1628; x_wconf 87' lang='lat' dir='ltr'>nec</span> <span class='ocrx_word' id='word_1_190' title='bbox 490 1587 579 1627; x_wconf 88' lang='lat' dir='ltr'>ideo</span> <span class='ocrx_word' id='word_1_191' title='bbox 603 1586 752 1626; x_wconf 86' lang='lat' dir='ltr'>inutilis</span> <span class='ocrx_word' id='word_1_192' title='bbox 773 1592 814 1626; x_wconf 83' lang='lat' dir='ltr'>et</span> <span class='ocrx_word' id='word_1_193' title='bbox 832 1586 1043 1626; x_wconf 84' lang='lat' dir='ltr'>formandis</span> <span class='ocrx_word' id='word_1_194' title='bbox 1061 1586 1200 1627; x_wconf 85' lang='lat' dir='ltr'>animis</span> <span class='ocrx_word' id='word_1_195' title='bbox 1217 1586 1402 1626; x_wconf 77' lang='lat' dir='ltr'>inefficax</span> <span class='ocrx_word' id='word_1_196' title='bbox 1419 1593 1502 1627; x_wconf 88' lang='lat' dir='ltr'>est:</span> <span class='ocrx_word' id='word_1_197' title='bbox 1536 1586 1626 1640; x_wconf 84' lang='lat' dir='ltr'>quid</span> 
     </span>
     <span class='ocr_line' id='line_1_31' title="bbox 190 1651 1628 1712; baseline -0.003 -14"><span class='ocrx_word' id='word_1_198' title='bbox 190 1663 322 1698; x_wconf 83' lang='lat' dir='ltr'>autem</span> <span class='ocrx_word' id='word_1_199' title='bbox 348 1654 591 1712; x_wconf 83' lang='lat' dir='ltr'>philosophia</span> <span class='ocrx_word' id='word_1_200' title='bbox 605 1685 616 1705; x_wconf 92' lang='lat'>‚</span> <span class='ocrx_word' id='word_1_201' title='bbox 662 1667 742 1694; x_wconf 88' lang='lat' dir='ltr'>non</span> <span class='ocrx_word' id='word_1_202' title='bbox 762 1653 866 1694; x_wconf 83' lang='lat' dir='ltr'>uitae</span> <span class='ocrx_word' id='word_1_203' title='bbox 888 1653 954 1693; x_wconf 87' lang='lat' dir='ltr'>lex</span> <span class='ocrx_word' id='word_1_204' title='bbox 979 1655 1068 1694; x_wconf 74' lang='lat' dir='ltr'>est?</span> <span class='ocrx_word' id='word_1_205' title='bbox 1127 1651 1206 1694; x_wconf 86' lang='lat' dir='ltr'>Sed</span> <span class='ocrx_word' id='word_1_206' title='bbox 1233 1660 1412 1708; x_wconf 85' lang='lat' dir='ltr'>putemus</span> <span class='ocrx_word' id='word_1_207' title='bbox 1435 1668 1515 1694; x_wconf 89' lang='lat' dir='ltr'>non</span> <span class='ocrx_word' id='word_1_208' title='bbox 1537 1667 1628 1708; x_wconf 88' lang='lat' dir='ltr'>pro-</span> 
     </span>
    </p>
   </div>
   <div class='ocr_carea' id='block_1_23' title="bbox 190 1745 891 2010">
    <p class='ocr_par' dir='ltr' id='par_1_23' title="bbox 190 1745 891 2010">
     <span class='ocr_line' id='line_1_32' title="bbox 190 1745 888 1793; baseline -0.01 -11"><span class='ocrx_word' id='word_1_209' title='bbox 190 1763 235 1776; x_wconf 94' lang='lat'><strong><em>=</em></strong></span> <span class='ocrx_word' id='word_1_210' title='bbox 259 1756 302 1781; x_wconf 81' lang='lat' dir='ltr'>et</span> <span class='ocrx_word' id='word_1_211' title='bbox 340 1754 518 1793; x_wconf 74' lang='lat' dir='ltr'>sequatur.</span> <span class='ocrx_word' id='word_1_212' title='bbox 568 1745 675 1779; x_wconf 58' lang='lat' dir='ltr'>{DT—</span> <span class='ocrx_word' id='word_1_213' title='bbox 695 1745 759 1779; x_wconf 62' lang='lat' dir='ltr'>{ma</span> <span class='ocrx_word' id='word_1_214' title='bbox 782 1747 817 1782; x_wconf 65' lang='grc' dir='ltr'>-ἱ-</span> <span class='ocrx_word' id='word_1_215' title='bbox 845 1751 888 1775; x_wconf 80' lang='lat' dir='ltr'>et</span> 
     </span>
     <span class='ocr_line' id='line_1_33' title="bbox 191 1788 889 1838; baseline -0.009 -11"><span class='ocrx_word' id='word_1_216' title='bbox 191 1802 231 1827; x_wconf 73' lang='lat' dir='ltr'>ue</span> <span class='ocrx_word' id='word_1_217' title='bbox 254 1801 432 1838; x_wconf 76' lang='lat' dir='ltr'>sequatur.</span> <span class='ocrx_word' id='word_1_218' title='bbox 480 1792 507 1823; x_wconf 79' lang='lat' dir='ltr'>B</span> <span class='ocrx_word' id='word_1_219' title='bbox 521 1805 567 1818; x_wconf 90' lang='lat'>=</span> <span class='ocrx_word' id='word_1_220' title='bbox 587 1790 696 1822; x_wconf 81' lang='lat' dir='ltr'>admi</span> <span class='ocrx_word' id='word_1_221' title='bbox 707 1791 809 1822; x_wconf 75' lang='lat' dir='ltr'>uitio.</span> <span class='ocrx_word' id='word_1_222' title='bbox 859 1788 889 1821; x_wconf 86' lang='lat' dir='ltr'>G</span> 
     </span>
     <span class='ocr_line' id='line_1_34' title="bbox 193 1834 887 1883; baseline -0.013 -9"><span class='ocrx_word' id='word_1_223' title='bbox 193 1838 415 1883; x_wconf 64' lang='grc' dir='ltr'>αγδζέῐΠσυῴ</span> <span class='ocrx_word' id='word_1_224' title='bbox 426 1838 490 1872; x_wconf 66' lang='grc' dir='ltr'>’Χῧῖ</span> <span class='ocrx_word' id='word_1_225' title='bbox 507 1855 551 1860; x_wconf 87' lang='grc'><strong>-</strong></span> <span class='ocrx_word' id='word_1_226' title='bbox 563 1837 595 1870; x_wconf 62' lang='lat' dir='ltr'><strong><em>z</em></strong></span> <span class='ocrx_word' id='word_1_227' title='bbox 613 1850 659 1862; x_wconf 88' lang='lat'>=</span> <span class='ocrx_word' id='word_1_228' title='bbox 680 1834 887 1868; x_wconf 80' lang='lat' dir='ltr'>corrobora-</span> 
     </span>
     <span class='ocr_line' id='line_1_35' title="bbox 194 1881 888 1919; baseline -0.01 -1"><span class='ocrx_word' id='word_1_229' title='bbox 194 1886 270 1918; x_wconf 73' lang='lat' dir='ltr'>vit.</span> <span class='ocrx_word' id='word_1_230' title='bbox 303 1885 332 1918; x_wconf 70' lang='lat'>&#39;21</span> <span class='ocrx_word' id='word_1_231' title='bbox 348 1902 384 1908; x_wconf 90' lang='lat'><strong>—</strong></span> <span class='ocrx_word' id='word_1_232' title='bbox 400 1891 543 1916; x_wconf 81' lang='lat' dir='ltr'>rectum.</span> <span class='ocrx_word' id='word_1_233' title='bbox 585 1893 610 1915; x_wconf 83' lang='grc' dir='ltr'>π</span> <span class='ocrx_word' id='word_1_234' title='bbox 625 1884 659 1919; x_wconf 82' lang='lat' dir='ltr'>-l-</span> <span class='ocrx_word' id='word_1_235' title='bbox 675 1881 746 1913; x_wconf 81' lang='lat' dir='ltr'>sic</span> <span class='ocrx_word' id='word_1_236' title='bbox 768 1889 802 1912; x_wconf 74' lang='lat' dir='ltr'>ec</span> <span class='ocrx_word' id='word_1_237' title='bbox 823 1881 888 1912; x_wconf 87' lang='lat' dir='ltr'>de-</span> 
     </span>
     <span class='ocr_line' id='line_1_36' title="bbox 193 1926 891 1971; baseline -0.007 -8"><span class='ocrx_word' id='word_1_238' title='bbox 193 1930 382 1963; x_wconf 77' lang='lat' dir='ltr'>nuntiatio.</span> <span class='ocrx_word' id='word_1_239' title='bbox 431 1928 463 1960; x_wconf 87' lang='lat' dir='ltr'><strong>G</strong></span> <span class='ocrx_word' id='word_1_240' title='bbox 477 1926 581 1971; x_wconf 70' lang='lat' dir='ltr'>(moe)</span> <span class='ocrx_word' id='word_1_241' title='bbox 603 1941 649 1954; x_wconf 88' lang='lat'>=</span> <span class='ocrx_word' id='word_1_242' title='bbox 672 1938 772 1959; x_wconf 81' lang='lat' dir='ltr'>mens</span> <span class='ocrx_word' id='word_1_243' title='bbox 796 1935 891 1958; x_wconf 72' lang='lat' dir='ltr'>mota</span> 
     </span>
     <span class='ocr_line' id='line_1_37' title="bbox 193 1982 512 2010; baseline -0.016 0"><span class='ocrx_word' id='word_1_244' title='bbox 193 1984 246 2010; x_wconf 77' lang='lat' dir='ltr'>est</span> <span class='ocrx_word' id='word_1_245' title='bbox 269 1988 338 2008; x_wconf 83' lang='lat' dir='ltr'>non</span> <span class='ocrx_word' id='word_1_246' title='bbox 366 1982 465 2007; x_wconf 79' lang='lat' dir='ltr'>rec!</span> <span class='ocrx_word' id='word_1_247' title='bbox 478 1986 512 2006; x_wconf 86' lang='lat' dir='ltr'>a.</span> 
     </span>
    </p>
   </div>
   <div class='ocr_carea' id='block_1_24' title="bbox 193 2027 891 2213">
    <p class='ocr_par' dir='ltr' id='par_1_24' title="bbox 193 2027 891 2213">
     <span class='ocr_line' id='line_1_38' title="bbox 237 2027 891 2074; baseline -0.011 -8"><span class='ocrx_word' id='word_1_248' title='bbox 237 2030 293 2066; x_wconf 86' lang='lat'>37.</span> <span class='ocrx_word' id='word_1_249' title='bbox 319 2032 418 2064; x_wconf 88' lang='lat' dir='ltr'>Recc.</span> <span class='ocrx_word' id='word_1_250' title='bbox 433 2042 471 2073; x_wconf 85' lang='lat' dir='ltr'>pp</span> <span class='ocrx_word' id='word_1_251' title='bbox 489 2035 522 2068; x_wconf 72' lang='grc' dir='ltr'>-Ι-</span> <span class='ocrx_word' id='word_1_252' title='bbox 538 2041 643 2074; x_wconf 83' lang='lat' dir='ltr'><em>quam</em></span> <span class='ocrx_word' id='word_1_253' title='bbox 666 2040 714 2060; x_wconf 87' lang='lat' dir='ltr'>cu</span> <span class='ocrx_word' id='word_1_254' title='bbox 726 2040 758 2060; x_wconf 92' lang='lat' dir='ltr'><em>m</em></span> <span class='ocrx_word' id='word_1_255' title='bbox 783 2027 891 2060; x_wconf 85' lang='lat' dir='ltr'>minis</span> 
     </span>
     <span class='ocr_line' id='line_1_39' title="bbox 193 2076 890 2118; baseline -0.011 -7"><span class='ocrx_word' id='word_1_256' title='bbox 193 2079 318 2111; x_wconf 76' lang='lat' dir='ltr'>mixta.</span> <span class='ocrx_word' id='word_1_257' title='bbox 365 2076 520 2112; x_wconf 64' lang='grc' dir='ltr'><strong><em>’ὶίεαά</em></strong></span> <span class='ocrx_word' id='word_1_258' title='bbox 543 2076 632 2107; x_wconf 79' lang='lat' dir='ltr'>haec</span> <span class='ocrx_word' id='word_1_259' title='bbox 657 2085 726 2106; x_wconf 81' lang='lat' dir='ltr'>non</span> <span class='ocrx_word' id='word_1_260' title='bbox 748 2081 890 2118; x_wconf 80' lang='lat' dir='ltr'>cogunt.</span> 
     </span>
     <span class='ocr_line' id='line_1_40' title="bbox 193 2118 888 2164; baseline -0.012 -7"><span class='ocrx_word' id='word_1_261' title='bbox 193 2123 351 2158; x_wconf 57' lang='lat' dir='ltr'>§xz—ad</span> <span class='ocrx_word' id='word_1_262' title='bbox 375 2123 397 2154; x_wconf 86' lang='grc' dir='ltr'>Ιι</span> <span class='ocrx_word' id='word_1_263' title='bbox 410 2134 457 2153; x_wconf 86' lang='lat' dir='ltr'>oc</span> <span class='ocrx_word' id='word_1_264' title='bbox 479 2132 548 2153; x_wconf 77' lang='lat' dir='ltr'>non</span> <span class='ocrx_word' id='word_1_265' title='bbox 572 2127 712 2164; x_wconf 68' lang='lat' dir='ltr'>cogunt.</span> <span class='ocrx_word' id='word_1_266' title='bbox 761 2119 788 2150; x_wconf 89' lang='lat' dir='ltr'><strong>R</strong></span> <span class='ocrx_word' id='word_1_267' title='bbox 803 2118 888 2162; x_wconf 69' lang='lat' dir='ltr'>(sm)</span> 
     </span>
     <span class='ocr_line' id='line_1_41' title="bbox 194 2166 843 2213; baseline -0.009 -12"><span class='ocrx_word' id='word_1_268' title='bbox 194 2183 240 2197; x_wconf 90' lang='lat'><em>=</em></span> <span class='ocrx_word' id='word_1_269' title='bbox 251 2170 289 2201; x_wconf 85' lang='lat' dir='ltr'>in</span> <span class='ocrx_word' id='word_1_270' title='bbox 313 2167 472 2213; x_wconf 76' lang='lat' dir='ltr'>officiam</span> <span class='ocrx_word' id='word_1_271' title='bbox 496 2166 545 2199; x_wconf 82' lang='lat' dir='ltr'>ad</span> <span class='ocrx_word' id='word_1_272' title='bbox 556 2178 576 2197; x_wconf 92' lang='lat' dir='ltr'>o</span> <span class='ocrx_word' id='word_1_273' title='bbox 585 2178 603 2198; x_wconf 85' lang='lat' dir='ltr'><em>r</em></span> <span class='ocrx_word' id='word_1_274' title='bbox 616 2166 640 2197; x_wconf 86' lang='lat' dir='ltr'>d</span> <span class='ocrx_word' id='word_1_275' title='bbox 649 2167 661 2197; x_wconf 72' lang='lat' dir='ltr'><em>i</em></span> <span class='ocrx_word' id='word_1_276' title='bbox 671 2176 695 2196; x_wconf 86' lang='lat' dir='ltr'>n</span> <span class='ocrx_word' id='word_1_277' title='bbox 706 2177 732 2196; x_wconf 82' lang='lat' dir='ltr'><em>a</em></span> <span class='ocrx_word' id='word_1_278' title='bbox 741 2175 764 2195; x_wconf 84' lang='lat' dir='ltr'><em>n</em></span> <span class='ocrx_word' id='word_1_279' title='bbox 775 2172 843 2196; x_wconf 78' lang='lat' dir='ltr'>eur.</span> 
     </span>
    </p>
   </div>
   <div class='ocr_carea' id='block_1_25' title="bbox 194 2229 894 2884">
    <p class='ocr_par' dir='ltr' id='par_1_25' title="bbox 194 2229 893 2735">
     <span class='ocr_line' id='line_1_42' title="bbox 239 2229 889 2280; baseline -0.012 -10"><span class='ocrx_word' id='word_1_280' title='bbox 239 2234 296 2270; x_wconf 83' lang='grc'>38.</span> <span class='ocrx_word' id='word_1_281' title='bbox 321 2235 398 2280; x_wconf 86' lang='lat' dir='ltr'>qui</span> <span class='ocrx_word' id='word_1_282' title='bbox 419 2246 506 2278; x_wconf 86' lang='lat' dir='ltr'>pro</span> <span class='ocrx_word' id='word_1_283' title='bbox 530 2245 579 2264; x_wconf 82' lang='lat' dir='ltr'>eo</span> <span class='ocrx_word' id='word_1_284' title='bbox 602 2229 889 2276; x_wconf 83' lang='lat' dir='ltr'>quod=BGP2.</span> 
     </span>
     <span class='ocr_line' id='line_1_43' title="bbox 195 2275 889 2322; baseline -0.004 -8"><span class='ocrx_word' id='word_1_285' title='bbox 195 2283 243 2318; x_wconf 64' lang='grc' dir='ltr'>Θ,</span> <span class='ocrx_word' id='word_1_286' title='bbox 311 2281 340 2313; x_wconf 78' lang='lat' dir='ltr'><strong>R</strong></span> <span class='ocrx_word' id='word_1_287' title='bbox 354 2291 391 2322; x_wconf 87' lang='lat' dir='ltr'>pp</span> <span class='ocrx_word' id='word_1_288' title='bbox 409 2278 467 2311; x_wconf 88' lang='lat' dir='ltr'>Pl.</span> <span class='ocrx_word' id='word_1_289' title='bbox 480 2278 513 2311; x_wconf 84' lang='lat'>3.</span> <span class='ocrx_word' id='word_1_290' title='bbox 526 2275 558 2310; x_wconf 78' lang='grc'>4.</span> <span class='ocrx_word' id='word_1_291' title='bbox 574 2277 646 2309; x_wconf 91' lang='lat' dir='ltr'>Col.</span> <span class='ocrx_word' id='word_1_292' title='bbox 659 2278 702 2309; x_wconf 87' lang='lat' dir='ltr'>Sc</span> <span class='ocrx_word' id='word_1_293' title='bbox 714 2277 779 2311; x_wconf 62' lang='lat'>2181</span> <span class='ocrx_word' id='word_1_294' title='bbox 796 2293 843 2300; x_wconf 91' lang='lat'>—-·</span> <span class='ocrx_word' id='word_1_295' title='bbox 856 2277 889 2311; x_wconf 72' lang='grc'>(5</span> 
     </span>
     <span class='ocr_line' id='line_1_44' title="bbox 194 2321 890 2372; baseline -0.01 -14"><span class='ocrx_word' id='word_1_296' title='bbox 194 2343 241 2357; x_wconf 88' lang='grc'>-.--</span> <span class='ocrx_word' id='word_1_297' title='bbox 251 2338 315 2372; x_wconf 85' lang='lat' dir='ltr'>pro</span> <span class='ocrx_word' id='word_1_298' title='bbox 339 2337 379 2358; x_wconf 87' lang='lat' dir='ltr'>eo</span> <span class='ocrx_word' id='word_1_299' title='bbox 398 2324 490 2369; x_wconf 83' lang='lat' dir='ltr'>quod</span> <span class='ocrx_word' id='word_1_300' title='bbox 509 2334 575 2355; x_wconf 88' lang='lat' dir='ltr'>om.</span> <span class='ocrx_word' id='word_1_301' title='bbox 596 2322 666 2367; x_wconf 78' lang='lat' dir='ltr'>qui.</span> <span class='ocrx_word' id='word_1_302' title='bbox 715 2322 757 2355; x_wconf 71' lang='lat' dir='ltr'>⁵)Jt</span> <span class='ocrx_word' id='word_1_303' title='bbox 769 2339 815 2345; x_wconf 89' lang='lat'>—</span> <span class='ocrx_word' id='word_1_304' title='bbox 826 2321 890 2354; x_wconf 66' lang='grc' dir='ltr'>Ἧία</span> 
     </span>
     <span class='ocr_line' id='line_1_45' title="bbox 194 2365 888 2416; baseline -0.012 -12"><span class='ocrx_word' id='word_1_305' title='bbox 194 2389 241 2403; x_wconf 89' lang='lat'><strong><em>=</em></strong></span> <span class='ocrx_word' id='word_1_306' title='bbox 254 2372 356 2406; x_wconf 88' lang='lat' dir='ltr'>Non</span> <span class='ocrx_word' id='word_1_307' title='bbox 377 2382 402 2416; x_wconf 88' lang='lat' dir='ltr'>p</span> <span class='ocrx_word' id='word_1_308' title='bbox 415 2368 526 2401; x_wconf 87' lang='lat' dir='ltr'>robo</span> <span class='ocrx_word' id='word_1_309' title='bbox 549 2366 641 2412; x_wconf 82' lang='lat' dir='ltr'>quod</span> <span class='ocrx_word' id='word_1_310' title='bbox 665 2377 704 2397; x_wconf 76' lang='lat' dir='ltr'>ex</span> <span class='ocrx_word' id='word_1_311' title='bbox 726 2365 888 2408; x_wconf 88' lang='lat' dir='ltr'>ing.Mur.</span> 
     </span>
     <span class='ocr_line' id='line_1_46' title="bbox 195 2410 891 2460; baseline -0.011 -10"><span class='ocrx_word' id='word_1_312' title='bbox 195 2420 288 2455; x_wconf 69' lang='lat' dir='ltr'>{R—</span> <span class='ocrx_word' id='word_1_313' title='bbox 297 2419 328 2452; x_wconf 64' lang='grc' dir='ltr'>’.Ξ</span> <span class='ocrx_word' id='word_1_314' title='bbox 341 2431 387 2444; x_wconf 91' lang='lat'>=</span> <span class='ocrx_word' id='word_1_315' title='bbox 396 2417 527 2460; x_wconf 79' lang='lat' dir='ltr'>Legem</span> <span class='ocrx_word' id='word_1_316' title='bbox 548 2426 566 2444; x_wconf 75' lang='lat' dir='ltr'>e</span> <span class='ocrx_word' id='word_1_317' title='bbox 576 2413 591 2445; x_wconf 88' lang='lat' dir='ltr'>i</span> <span class='ocrx_word' id='word_1_318' title='bbox 600 2424 622 2444; x_wconf 85' lang='lat' dir='ltr'><em>u</em></span> <span class='ocrx_word' id='word_1_319' title='bbox 634 2423 661 2446; x_wconf 74' lang='lat'>3.</span> <span class='ocrx_word' id='word_1_320' title='bbox 695 2410 779 2443; x_wconf 72' lang='lat' dir='ltr'>Reli.</span> <span class='ocrx_word' id='word_1_321' title='bbox 792 2410 891 2443; x_wconf 86' lang='lat' dir='ltr'>etiam</span> 
     </span>
     <span class='ocr_line' id='line_1_47' title="bbox 198 2458 891 2508; baseline -0.016 -11"><span class='ocrx_word' id='word_1_322' title='bbox 198 2466 248 2497; x_wconf 86' lang='lat' dir='ltr'>Ss.</span> <span class='ocrx_word' id='word_1_323' title='bbox 259 2479 305 2492; x_wconf 92' lang='lat'>=</span> <span class='ocrx_word' id='word_1_324' title='bbox 314 2465 390 2508; x_wconf 84' lang='lat' dir='ltr'>Leg</span> <span class='ocrx_word' id='word_1_325' title='bbox 400 2473 460 2494; x_wconf 86' lang='lat' dir='ltr'>em</span> <span class='ocrx_word' id='word_1_326' title='bbox 484 2473 503 2493; x_wconf 86' lang='lat' dir='ltr'>e</span> <span class='ocrx_word' id='word_1_327' title='bbox 513 2459 614 2492; x_wconf 86' lang='lat' dir='ltr'>nim.</span> <span class='ocrx_word' id='word_1_328' title='bbox 656 2458 689 2492; x_wconf 64' lang='grc' dir='ltr'>Ξ</span> <span class='ocrx_word' id='word_1_329' title='bbox 703 2472 748 2484; x_wconf 87' lang='lat'>==</span> <span class='ocrx_word' id='word_1_330' title='bbox 759 2458 891 2500; x_wconf 76' lang='lat' dir='ltr'>Legem</span> 
     </span>
     <span class='ocr_line' id='line_1_48' title="bbox 197 2501 891 2584; baseline -0.016 -41"><span class='ocrx_word' id='word_1_331' title='bbox 197 2511 321 2543; x_wconf 85' lang='lat' dir='ltr'>enim</span> <span class='ocrx_word' id='word_1_332' title='bbox 345 2505 468 2584; x_wconf 44' lang='grc' dir='ltr'>[αἰεί]</span> <span class='ocrx_word' id='word_1_333' title='bbox 500 2516 541 2537; x_wconf 88' lang='lat' dir='ltr'>ex</span> <span class='ocrx_word' id='word_1_334' title='bbox 564 2503 604 2536; x_wconf 88' lang='lat' dir='ltr'>ci.</span> <span class='ocrx_word' id='word_1_335' title='bbox 651 2503 723 2545; x_wconf 84' lang='lat' dir='ltr'>Ego</span> <span class='ocrx_word' id='word_1_336' title='bbox 759 2501 891 2553; x_wconf 66' lang='lat' dir='ltr'>quidern</span> 
     </span>
     <span class='ocr_line' id='line_1_49' title="bbox 195 2554 892 2593; baseline -0.011 -5"><span class='ocrx_word' id='word_1_337' title='bbox 195 2562 286 2589; x_wconf 86' lang='lat' dir='ltr'>ratus</span> <span class='ocrx_word' id='word_1_338' title='bbox 318 2554 411 2586; x_wconf 84' lang='lat' dir='ltr'>enim</span> <span class='ocrx_word' id='word_1_339' title='bbox 462 2557 570 2584; x_wconf 83' lang='lat' dir='ltr'>actum</span> <span class='ocrx_word' id='word_1_340' title='bbox 603 2559 674 2580; x_wconf 84' lang='lat' dir='ltr'>esse</span> <span class='ocrx_word' id='word_1_341' title='bbox 709 2559 748 2579; x_wconf 86' lang='lat' dir='ltr'>ex</span> <span class='ocrx_word' id='word_1_342' title='bbox 776 2555 892 2593; x_wconf 76' lang='lat' dir='ltr'>znqmt</span> 
     </span>
     <span class='ocr_line' id='line_1_50' title="bbox 196 2593 893 2643; baseline -0.017 -8"><span class='ocrx_word' id='word_1_343' title='bbox 196 2601 264 2634; x_wconf 85' lang='lat' dir='ltr'>hoc</span> <span class='ocrx_word' id='word_1_344' title='bbox 281 2598 387 2643; x_wconf 85' lang='lat' dir='ltr'>posui.</span> <span class='ocrx_word' id='word_1_345' title='bbox 435 2599 464 2633; x_wconf 72' lang='lat'>21</span> <span class='ocrx_word' id='word_1_346' title='bbox 475 2615 518 2621; x_wconf 90' lang='lat'>—</span> <span class='ocrx_word' id='word_1_347' title='bbox 529 2594 637 2628; x_wconf 72' lang='lat' dir='ltr'>Nihil</span> <span class='ocrx_word' id='word_1_348' title='bbox 658 2593 799 2626; x_wconf 78' lang='lat' dir='ltr'>videtur</span> <span class='ocrx_word' id='word_1_349' title='bbox 822 2593 893 2625; x_wconf 82' lang='lat' dir='ltr'>mi-</span> 
     </span>
     <span class='ocr_line' id='line_1_51' title="bbox 198 2637 893 2690; baseline -0.013 -11"><span class='ocrx_word' id='word_1_350' title='bbox 198 2647 238 2679; x_wconf 81' lang='lat' dir='ltr'>lu·</span> <span class='ocrx_word' id='word_1_351' title='bbox 259 2644 458 2690; x_wconf 79' lang='lat' dir='ltr'>frigidius.</span> <span class='ocrx_word' id='word_1_352' title='bbox 505 2641 535 2674; x_wconf 87' lang='lat' dir='ltr'>R</span> <span class='ocrx_word' id='word_1_353' title='bbox 554 2637 790 2685; x_wconf 77' lang='lat' dir='ltr'>==srigidius</span> <span class='ocrx_word' id='word_1_354' title='bbox 800 2663 810 2680; x_wconf 92' lang='lat'><em>,</em></span> <span class='ocrx_word' id='word_1_355' title='bbox 833 2639 893 2671; x_wconf 83' lang='lat' dir='ltr'>ni-</span> 
     </span>
     <span class='ocr_line' id='line_1_52' title="bbox 198 2688 573 2735; baseline -0.013 -10"><span class='ocrx_word' id='word_1_356' title='bbox 198 2691 256 2725; x_wconf 82' lang='lat' dir='ltr'>lu&#39;l</span> <span class='ocrx_word' id='word_1_357' title='bbox 277 2688 573 2735; x_wconf 68' lang='lat' dir='ltr'>imperitius.</span> 
     </span>
    </p>

    <p class='ocr_par' dir='ltr' id='par_1_26' title="bbox 197 2742 894 2884">
     <span class='ocr_line' id='line_1_53' title="bbox 245 2742 891 2789; baseline -0.011 -10"><span class='ocrx_word' id='word_1_358' title='bbox 245 2747 303 2780; x_wconf 76' lang='lat' dir='ltr'>lex</span> <span class='ocrx_word' id='word_1_359' title='bbox 323 2758 402 2778; x_wconf 85' lang='lat' dir='ltr'>cum</span> <span class='ocrx_word' id='word_1_360' title='bbox 418 2744 628 2789; x_wconf 81' lang='lat' dir='ltr'>prologo.</span> <span class='ocrx_word' id='word_1_361' title='bbox 654 2742 891 2779; x_wconf 59' lang='lat' dir='ltr'>Mona-:fliz</span> 
     </span>
     <span class='ocr_line' id='line_1_54' title="bbox 198 2788 894 2833; baseline -0.009 -8"><span class='ocrx_word' id='word_1_362' title='bbox 198 2811 244 2818; x_wconf 90' lang='lat'>—</span> <span class='ocrx_word' id='word_1_363' title='bbox 255 2793 290 2828; x_wconf 64' lang='grc' dir='ltr'>ἕ</span> <span class='ocrx_word' id='word_1_364' title='bbox 307 2803 346 2824; x_wconf 83' lang='lat' dir='ltr'>ex</span> <span class='ocrx_word' id='word_1_365' title='bbox 360 2790 401 2824; x_wconf 82' lang='lat' dir='ltr'>ci.</span> <span class='ocrx_word' id='word_1_366' title='bbox 414 2789 516 2824; x_wconf 79' lang='lat' dir='ltr'>Enni.</span> <span class='ocrx_word' id='word_1_367' title='bbox 563 2791 729 2833; x_wconf 64' lang='grc' dir='ltr'>’γδζτῐσΞ</span> <span class='ocrx_word' id='word_1_368' title='bbox 739 2788 796 2820; x_wconf 78' lang='lat' dir='ltr'>lex</span> <span class='ocrx_word' id='word_1_369' title='bbox 817 2799 894 2819; x_wconf 84' lang='lat' dir='ltr'>cum</span> 
     </span>
     <span class='ocr_line' id='line_1_55' title="bbox 197 2833 894 2884; baseline -0.009 -13"><span class='ocrx_word' id='word_1_370' title='bbox 197 2838 348 2884; x_wconf 78' lang='lat' dir='ltr'>prologo</span> <span class='ocrx_word' id='word_1_371' title='bbox 369 2848 402 2869; x_wconf 91' lang='lat' dir='ltr'><em>m</em></span> <span class='ocrx_word' id='word_1_372' title='bbox 413 2849 430 2870; x_wconf 86' lang='lat' dir='ltr'>e</span> <span class='ocrx_word' id='word_1_373' title='bbox 442 2848 464 2869; x_wconf 83' lang='lat' dir='ltr'><em>n</em></span> <span class='ocrx_word' id='word_1_374' title='bbox 478 2848 506 2868; x_wconf 83' lang='lat' dir='ltr'>e.</span> <span class='ocrx_word' id='word_1_375' title='bbox 525 2834 594 2868; x_wconf 76' lang='lat' dir='ltr'>dic.</span> <span class='ocrx_word' id='word_1_376' title='bbox 617 2834 682 2870; x_wconf 65' lang='lat'>‘191</span> <span class='ocrx_word' id='word_1_377' title='bbox 690 2834 769 2869; x_wconf 61' lang='lat' dir='ltr'>—Z</span> <span class='ocrx_word' id='word_1_378' title='bbox 779 2848 825 2861; x_wconf 92' lang='lat'>=</span> <span class='ocrx_word' id='word_1_379' title='bbox 837 2833 894 2866; x_wconf 81' lang='lat' dir='ltr'>Iex</span> 
     </span>
    </p>
   </div>
   <div class='ocr_carea' id='block_1_26' title="bbox 935 1743 1632 2604">
    <p class='ocr_par' dir='ltr' id='par_1_27' title="bbox 935 1743 1630 2185">
     <span class='ocr_line' id='line_1_56' title="bbox 935 1743 1627 1789; baseline 0 -14"><span class='ocrx_word' id='word_1_380' title='bbox 935 1755 1010 1775; x_wconf 86' lang='lat' dir='ltr'>cum</span> <span class='ocrx_word' id='word_1_381' title='bbox 1031 1743 1159 1789; x_wconf 82' lang='lat' dir='ltr'>prolog</span> <span class='ocrx_word' id='word_1_382' title='bbox 1169 1755 1188 1775; x_wconf 91' lang='grc' dir='ltr'><em>ο</em></span> <span class='ocrx_word' id='word_1_383' title='bbox 1199 1755 1233 1774; x_wconf 85' lang='lat' dir='ltr'><strong><em>m</em></strong></span> <span class='ocrx_word' id='word_1_384' title='bbox 1242 1755 1263 1775; x_wconf 82' lang='lat' dir='ltr'>e</span> <span class='ocrx_word' id='word_1_385' title='bbox 1271 1754 1294 1774; x_wconf 85' lang='lat' dir='ltr'>n</span> <span class='ocrx_word' id='word_1_386' title='bbox 1305 1756 1333 1775; x_wconf 85' lang='lat' dir='ltr'>e.</span> <span class='ocrx_word' id='word_1_387' title='bbox 1357 1744 1436 1776; x_wconf 74' lang='lat' dir='ltr'>Dic.</span> <span class='ocrx_word' id='word_1_388' title='bbox 1470 1745 1503 1779; x_wconf 54' lang='grc' dir='ltr'>Β</span> <span class='ocrx_word' id='word_1_389' title='bbox 1514 1760 1559 1772; x_wconf 82' lang='lat'>=</span> <span class='ocrx_word' id='word_1_390' title='bbox 1570 1744 1627 1776; x_wconf 76' lang='lat' dir='ltr'>lex</span> 
     </span>
     <span class='ocr_line' id='line_1_57' title="bbox 936 1788 1629 1834; baseline 0.003 -14"><span class='ocrx_word' id='word_1_391' title='bbox 936 1801 1013 1821; x_wconf 83' lang='lat' dir='ltr'>cum</span> <span class='ocrx_word' id='word_1_392' title='bbox 1033 1788 1170 1834; x_wconf 77' lang='lat' dir='ltr'>prolog</span> <span class='ocrx_word' id='word_1_393' title='bbox 1180 1789 1267 1821; x_wconf 82' lang='lat' dir='ltr'>omi</span> <span class='ocrx_word' id='word_1_394' title='bbox 1281 1800 1302 1820; x_wconf 84' lang='lat' dir='ltr'><strong><em>n</em></strong></span> <span class='ocrx_word' id='word_1_395' title='bbox 1315 1801 1344 1822; x_wconf 87' lang='lat' dir='ltr'>e.</span> <span class='ocrx_word' id='word_1_396' title='bbox 1381 1790 1460 1822; x_wconf 74' lang='lat' dir='ltr'>Dic.</span> <span class='ocrx_word' id='word_1_397' title='bbox 1509 1791 1573 1827; x_wconf 61' lang='grc' dir='ltr'>ἂι.</span> <span class='ocrx_word' id='word_1_398' title='bbox 1583 1804 1629 1817; x_wconf 90' lang='lat'><strong><em>=</em></strong></span> 
     </span>
     <span class='ocr_line' id='line_1_58' title="bbox 936 1832 1625 1880; baseline 0 -14"><span class='ocrx_word' id='word_1_399' title='bbox 936 1834 993 1866; x_wconf 75' lang='lat' dir='ltr'>Iex</span> <span class='ocrx_word' id='word_1_400' title='bbox 1005 1847 1081 1866; x_wconf 80' lang='lat' dir='ltr'>cum</span> <span class='ocrx_word' id='word_1_401' title='bbox 1092 1832 1330 1877; x_wconf 74' lang='grc' dir='ltr'>προλεγομένη-</span> <span class='ocrx_word' id='word_1_402' title='bbox 1354 1835 1431 1868; x_wconf 78' lang='lat' dir='ltr'>Dic.</span> <span class='ocrx_word' id='word_1_403' title='bbox 1456 1834 1625 1880; x_wconf 72' lang='lat' dir='ltr'>BG(p.m.)</span> 
     </span>
     <span class='ocr_line' id='line_1_59' title="bbox 936 1879 1626 1925; baseline 0.001 -14"><span class='ocrx_word' id='word_1_404' title='bbox 936 1880 963 1911; x_wconf 85' lang='lat' dir='ltr'>R</span> <span class='ocrx_word' id='word_1_405' title='bbox 980 1881 1043 1912; x_wconf 86' lang='lat' dir='ltr'>Sac</span> <span class='ocrx_word' id='word_1_406' title='bbox 1054 1895 1100 1907; x_wconf 86' lang='lat'>=</span> <span class='ocrx_word' id='word_1_407' title='bbox 1112 1880 1169 1911; x_wconf 79' lang='lat' dir='ltr'>lex</span> <span class='ocrx_word' id='word_1_408' title='bbox 1195 1890 1271 1910; x_wconf 85' lang='lat' dir='ltr'>cum</span> <span class='ocrx_word' id='word_1_409' title='bbox 1304 1879 1448 1925; x_wconf 79' lang='lat' dir='ltr'>proleg</span> <span class='ocrx_word' id='word_1_410' title='bbox 1458 1892 1477 1912; x_wconf 94' lang='grc' dir='ltr'><em>ο</em></span> <span class='ocrx_word' id='word_1_411' title='bbox 1489 1881 1522 1912; x_wconf 80' lang='lat' dir='ltr'><em>m</em></span> <span class='ocrx_word' id='word_1_412' title='bbox 1534 1893 1552 1912; x_wconf 85' lang='lat' dir='ltr'>e</span> <span class='ocrx_word' id='word_1_413' title='bbox 1562 1890 1586 1912; x_wconf 87' lang='lat' dir='ltr'>n</span> <span class='ocrx_word' id='word_1_414' title='bbox 1596 1892 1626 1912; x_wconf 83' lang='lat' dir='ltr'>e.</span> 
     </span>
     <span class='ocr_line' id='line_1_60' title="bbox 935 1924 1627 1971; baseline 0.001 -14"><span class='ocrx_word' id='word_1_415' title='bbox 935 1926 1015 1957; x_wconf 82' lang='lat' dir='ltr'>Dic.</span> <span class='ocrx_word' id='word_1_416' title='bbox 1063 1924 1148 1957; x_wconf 73' lang='lat' dir='ltr'>Reli.</span> <span class='ocrx_word' id='word_1_417' title='bbox 1160 1936 1198 1968; x_wconf 86' lang='lat' dir='ltr'>pp</span> <span class='ocrx_word' id='word_1_418' title='bbox 1207 1939 1252 1951; x_wconf 92' lang='lat'><strong><em>=</em></strong></span> <span class='ocrx_word' id='word_1_419' title='bbox 1262 1924 1320 1956; x_wconf 79' lang='lat' dir='ltr'>Iex</span> <span class='ocrx_word' id='word_1_420' title='bbox 1343 1937 1419 1958; x_wconf 82' lang='lat' dir='ltr'>cam</span> <span class='ocrx_word' id='word_1_421' title='bbox 1439 1926 1577 1971; x_wconf 82' lang='lat' dir='ltr'>proleg</span> <span class='ocrx_word' id='word_1_422' title='bbox 1588 1937 1627 1957; x_wconf 90' lang='grc' dir='ltr'>ο-</span> 
     </span>
     <span class='ocr_line' id='line_1_61' title="bbox 936 1970 1629 2015; baseline 0 -12"><span class='ocrx_word' id='word_1_423' title='bbox 936 1983 969 2003; x_wconf 84' lang='lat' dir='ltr'><em>m</em></span> <span class='ocrx_word' id='word_1_424' title='bbox 982 1983 1001 2002; x_wconf 88' lang='lat' dir='ltr'>e</span> <span class='ocrx_word' id='word_1_425' title='bbox 1010 1982 1032 2003; x_wconf 85' lang='lat' dir='ltr'><em>n</em></span> <span class='ocrx_word' id='word_1_426' title='bbox 1045 1983 1064 2002; x_wconf 87' lang='lat' dir='ltr'><em>e</em></span> <span class='ocrx_word' id='word_1_427' title='bbox 1087 1970 1139 2002; x_wconf 86' lang='lat' dir='ltr'>vel</span> <span class='ocrx_word' id='word_1_428' title='bbox 1159 1970 1310 2015; x_wconf 80' lang='lat' dir='ltr'>prologo</span> <span class='ocrx_word' id='word_1_429' title='bbox 1322 1983 1354 2002; x_wconf 88' lang='lat' dir='ltr'><strong><em>m</em></strong></span> <span class='ocrx_word' id='word_1_430' title='bbox 1366 1983 1384 2002; x_wconf 86' lang='lat' dir='ltr'>e</span> <span class='ocrx_word' id='word_1_431' title='bbox 1393 1982 1415 2001; x_wconf 89' lang='grc' dir='ltr'><em>η</em></span> <span class='ocrx_word' id='word_1_432' title='bbox 1428 1983 1448 2002; x_wconf 83' lang='lat' dir='ltr'>e</span> <span class='ocrx_word' id='word_1_433' title='bbox 1468 1970 1524 2003; x_wconf 86' lang='lat' dir='ltr'>vel</span> <span class='ocrx_word' id='word_1_434' title='bbox 1543 1983 1629 2015; x_wconf 85' lang='lat' dir='ltr'>pro-—</span> 
     </span>
     <span class='ocr_line' id='line_1_62' title="bbox 936 2014 1629 2061; baseline -0.003 -12"><span class='ocrx_word' id='word_1_435' title='bbox 936 2016 996 2061; x_wconf 85' lang='lat' dir='ltr'>Iog</span> <span class='ocrx_word' id='word_1_436' title='bbox 1005 2029 1026 2048; x_wconf 82' lang='grc' dir='ltr'>ιι</span> <span class='ocrx_word' id='word_1_437' title='bbox 1039 2028 1071 2048; x_wconf 88' lang='lat' dir='ltr'><strong><em>m</em></strong></span> <span class='ocrx_word' id='word_1_438' title='bbox 1084 2028 1102 2047; x_wconf 88' lang='lat' dir='ltr'>e</span> <span class='ocrx_word' id='word_1_439' title='bbox 1111 2027 1133 2047; x_wconf 87' lang='lat' dir='ltr'><strong><em>n</em></strong></span> <span class='ocrx_word' id='word_1_440' title='bbox 1143 2027 1162 2047; x_wconf 86' lang='lat' dir='ltr'>e</span> <span class='ocrx_word' id='word_1_441' title='bbox 1171 2031 1216 2044; x_wconf 67' lang='grc' dir='ltr'>τ-</span> <span class='ocrx_word' id='word_1_442' title='bbox 1228 2014 1286 2047; x_wconf 85' lang='lat' dir='ltr'>Gr.</span> <span class='ocrx_word' id='word_1_443' title='bbox 1332 2015 1403 2048; x_wconf 87' lang='lat' dir='ltr'>Col.</span> <span class='ocrx_word' id='word_1_444' title='bbox 1415 2015 1508 2047; x_wconf 79' lang='lat' dir='ltr'>addit</span> <span class='ocrx_word' id='word_1_445' title='bbox 1517 2017 1556 2048; x_wconf 73' lang='lat' dir='ltr'>ici</span> <span class='ocrx_word' id='word_1_446' title='bbox 1576 2023 1629 2048; x_wconf 76' lang='lat' dir='ltr'>est</span> 
     </span>
     <span class='ocr_line' id='line_1_63' title="bbox 937 2060 1628 2116; baseline 0 -22"><span class='ocrx_word' id='word_1_447' title='bbox 937 2073 1038 2094; x_wconf 82' lang='lat' dir='ltr'>cum</span> <span class='ocrx_word' id='word_1_448' title='bbox 1067 2073 1121 2116; x_wconf 82' lang='lat' dir='ltr'>pr</span> <span class='ocrx_word' id='word_1_449' title='bbox 1135 2061 1422 2094; x_wconf 74' lang='lat' dir='ltr'>elocutione.</span> <span class='ocrx_word' id='word_1_450' title='bbox 1470 2060 1565 2094; x_wconf 83' lang='lat' dir='ltr'>mP3.</span> <span class='ocrx_word' id='word_1_451' title='bbox 1582 2076 1628 2089; x_wconf 86' lang='lat'>=</span> 
     </span>
     <span class='ocr_line' id='line_1_64' title="bbox 935 2104 1630 2150; baseline -0.006 -8"><span class='ocrx_word' id='word_1_452' title='bbox 935 2104 1037 2150; x_wconf 80' lang='grc' dir='ltr'>νόμος</span> <span class='ocrx_word' id='word_1_453' title='bbox 1059 2118 1076 2139; x_wconf 88' lang='grc' dir='ltr'>ο</span> <span class='ocrx_word' id='word_1_454' title='bbox 1100 2104 1373 2149; x_wconf 79' lang='grc' dir='ltr'>προλογούμενος.</span> <span class='ocrx_word' id='word_1_455' title='bbox 1408 2118 1425 2140; x_wconf 89' lang='grc' dir='ltr'><strong>ο</strong></span> <span class='ocrx_word' id='word_1_456' title='bbox 1444 2118 1506 2149; x_wconf 87' lang='lat' dir='ltr'>pro</span> <span class='ocrx_word' id='word_1_457' title='bbox 1523 2107 1630 2138; x_wconf 85' lang='lat' dir='ltr'>Mone</span> 
     </span>
     <span class='ocr_line' id='line_1_65' title="bbox 935 2152 1246 2185; baseline 0.003 -1"><span class='ocrx_word' id='word_1_458' title='bbox 935 2152 1038 2184; x_wconf 78' lang='lat' dir='ltr'>habet</span> <span class='ocrx_word' id='word_1_459' title='bbox 1060 2163 1095 2182; x_wconf 89' lang='lat' dir='ltr'><em>m</em></span> <span class='ocrx_word' id='word_1_460' title='bbox 1105 2163 1125 2183; x_wconf 87' lang='lat' dir='ltr'>e</span> <span class='ocrx_word' id='word_1_461' title='bbox 1148 2162 1171 2182; x_wconf 84' lang='lat' dir='ltr'><strong><em>n</em></strong></span> <span class='ocrx_word' id='word_1_462' title='bbox 1182 2163 1203 2183; x_wconf 87' lang='lat' dir='ltr'><strong><em>a</em></strong></span> <span class='ocrx_word' id='word_1_463' title='bbox 1217 2163 1246 2185; x_wconf 86' lang='lat' dir='ltr'>e.</span> 
     </span>
    </p>

    <p class='ocr_par' dir='ltr' id='par_1_28' title="bbox 935 2195 1632 2604">
     <span class='ocr_line' id='line_1_66' title="bbox 981 2195 1628 2248; baseline 0.005 -22"><span class='ocrx_word' id='word_1_464' title='bbox 981 2195 1183 2238; x_wconf 78' lang='lat' dir='ltr'>Proficiunt</span> <span class='ocrx_word' id='word_1_465' title='bbox 1219 2207 1270 2228; x_wconf 77' lang='lat' dir='ltr'>ve</span> <span class='ocrx_word' id='word_1_466' title='bbox 1282 2207 1300 2226; x_wconf 86' lang='lat' dir='ltr'>r</span> <span class='ocrx_word' id='word_1_467' title='bbox 1312 2207 1352 2227; x_wconf 92' lang='lat' dir='ltr'>o:</span> <span class='ocrx_word' id='word_1_468' title='bbox 1387 2196 1508 2248; x_wconf 68' lang='lat' dir='ltr'>itaque</span> <span class='ocrx_word' id='word_1_469' title='bbox 1526 2211 1574 2224; x_wconf 89' lang='lat'>=</span> <span class='ocrx_word' id='word_1_470' title='bbox 1594 2197 1628 2232; x_wconf 63' lang='grc' dir='ltr'>Ε</span> 
     </span>
     <span class='ocr_line' id='line_1_67' title="bbox 937 2239 1630 2284; baseline 0.001 -11"><span class='ocrx_word' id='word_1_471' title='bbox 937 2253 978 2273; x_wconf 81' lang='lat' dir='ltr'>ex</span> <span class='ocrx_word' id='word_1_472' title='bbox 1007 2240 1047 2272; x_wconf 84' lang='lat' dir='ltr'>ci.</span> <span class='ocrx_word' id='word_1_473' title='bbox 1093 2242 1120 2272; x_wconf 91' lang='lat' dir='ltr'>B</span> <span class='ocrx_word' id='word_1_474' title='bbox 1137 2243 1179 2273; x_wconf 89' lang='lat' dir='ltr'>Sa</span> <span class='ocrx_word' id='word_1_475' title='bbox 1197 2240 1223 2272; x_wconf 90' lang='lat' dir='ltr'><strong>P</strong></span> <span class='ocrx_word' id='word_1_476' title='bbox 1237 2239 1266 2272; x_wconf 86' lang='lat'>1.</span> <span class='ocrx_word' id='word_1_477' title='bbox 1287 2255 1335 2268; x_wconf 88' lang='lat'><strong><em>=</em></strong></span> <span class='ocrx_word' id='word_1_478' title='bbox 1356 2242 1539 2284; x_wconf 80' lang='lat' dir='ltr'>Proficiun</span> <span class='ocrx_word' id='word_1_479' title='bbox 1551 2250 1565 2274; x_wconf 76' lang='lat' dir='ltr'>t</span> <span class='ocrx_word' id='word_1_480' title='bbox 1577 2254 1598 2274; x_wconf 80' lang='grc' dir='ltr'><em>α</em></span> <span class='ocrx_word' id='word_1_481' title='bbox 1611 2255 1630 2274; x_wconf 84' lang='lat' dir='ltr'>r</span> 
     </span>
     <span class='ocr_line' id='line_1_68' title="bbox 937 2283 1630 2331; baseline 0 -12"><span class='ocrx_word' id='word_1_482' title='bbox 937 2288 1066 2331; x_wconf 84' lang='lat' dir='ltr'>itaque.</span> <span class='ocrx_word' id='word_1_483' title='bbox 1091 2283 1150 2319; x_wconf 74' lang='lat' dir='ltr'>P4.</span> <span class='ocrx_word' id='word_1_484' title='bbox 1162 2301 1208 2313; x_wconf 92' lang='lat'><strong><em>=</em></strong></span> <span class='ocrx_word' id='word_1_485' title='bbox 1222 2286 1404 2329; x_wconf 78' lang='lat' dir='ltr'>Proficiun</span> <span class='ocrx_word' id='word_1_486' title='bbox 1414 2295 1428 2319; x_wconf 84' lang='grc' dir='ltr'><strong><em>ι</em></strong></span> <span class='ocrx_word' id='word_1_487' title='bbox 1437 2299 1460 2319; x_wconf 85' lang='grc' dir='ltr'>ιι</span> <span class='ocrx_word' id='word_1_488' title='bbox 1470 2299 1489 2318; x_wconf 87' lang='lat' dir='ltr'>r</span> <span class='ocrx_word' id='word_1_489' title='bbox 1513 2299 1536 2319; x_wconf 88' lang='lat' dir='ltr'><em>n</em></span> <span class='ocrx_word' id='word_1_490' title='bbox 1544 2299 1567 2319; x_wconf 84' lang='lat' dir='ltr'><em>a</em></span> <span class='ocrx_word' id='word_1_491' title='bbox 1577 2299 1630 2319; x_wconf 86' lang='lat' dir='ltr'>m—</span> 
     </span>
     <span class='ocr_line' id='line_1_69' title="bbox 936 2330 1627 2378; baseline 0.003 -15"><span class='ocrx_word' id='word_1_492' title='bbox 936 2345 957 2376; x_wconf 77' lang='lat' dir='ltr'><em>q</em></span> <span class='ocrx_word' id='word_1_493' title='bbox 967 2344 990 2363; x_wconf 80' lang='grc' dir='ltr'>ιι</span> <span class='ocrx_word' id='word_1_494' title='bbox 1001 2344 1031 2364; x_wconf 83' lang='lat' dir='ltr'>e.</span> <span class='ocrx_word' id='word_1_495' title='bbox 1083 2330 1154 2363; x_wconf 91' lang='lat' dir='ltr'>Col.</span> <span class='ocrx_word' id='word_1_496' title='bbox 1171 2346 1217 2359; x_wconf 90' lang='lat'><strong><em>=</em></strong></span> <span class='ocrx_word' id='word_1_497' title='bbox 1233 2331 1334 2374; x_wconf 84' lang='lat' dir='ltr'>Profi</span> <span class='ocrx_word' id='word_1_498' title='bbox 1346 2344 1364 2362; x_wconf 86' lang='grc' dir='ltr'>ι·</span> <span class='ocrx_word' id='word_1_499' title='bbox 1374 2333 1389 2364; x_wconf 89' lang='lat'>1&#39;</span> <span class='ocrx_word' id='word_1_500' title='bbox 1399 2340 1414 2364; x_wconf 82' lang='lat' dir='ltr'>t</span> <span class='ocrx_word' id='word_1_501' title='bbox 1424 2344 1446 2364; x_wconf 85' lang='grc' dir='ltr'>ιι</span> <span class='ocrx_word' id='word_1_502' title='bbox 1455 2344 1473 2364; x_wconf 84' lang='lat' dir='ltr'>r</span> <span class='ocrx_word' id='word_1_503' title='bbox 1497 2332 1627 2378; x_wconf 78' lang='lat' dir='ltr'>itaque.</span> 
     </span>
     <span class='ocr_line' id='line_1_70' title="bbox 937 2375 1632 2423; baseline 0.001 -14"><span class='ocrx_word' id='word_1_504' title='bbox 937 2375 1015 2412; x_wconf 62' lang='lat' dir='ltr'>2P2.</span> <span class='ocrx_word' id='word_1_505' title='bbox 1041 2391 1087 2404; x_wconf 91' lang='lat'>==</span> <span class='ocrx_word' id='word_1_506' title='bbox 1108 2376 1309 2420; x_wconf 70' lang='lat' dir='ltr'>Proficiunt</span> <span class='ocrx_word' id='word_1_507' title='bbox 1341 2378 1498 2423; x_wconf 82' lang='lat' dir='ltr'>utique.</span> <span class='ocrx_word' id='word_1_508' title='bbox 1545 2377 1632 2410; x_wconf 87' lang='lat' dir='ltr'>unde</span> 
     </span>
     <span class='ocr_line' id='line_1_71' title="bbox 937 2420 1629 2468; baseline 0.003 -15"><span class='ocrx_word' id='word_1_509' title='bbox 937 2424 1000 2454; x_wconf 89' lang='lat' dir='ltr'>Sw.</span> <span class='ocrx_word' id='word_1_510' title='bbox 1015 2421 1113 2454; x_wconf 76' lang='lat' dir='ltr'>otiam</span> <span class='ocrx_word' id='word_1_511' title='bbox 1125 2421 1163 2454; x_wconf 82' lang='lat' dir='ltr'>ci.</span> <span class='ocrx_word' id='word_1_512' title='bbox 1175 2437 1220 2450; x_wconf 90' lang='lat'><strong><em>=</em></strong></span> <span class='ocrx_word' id='word_1_513' title='bbox 1231 2422 1430 2465; x_wconf 78' lang='lat' dir='ltr'>Proficiunt</span> <span class='ocrx_word' id='word_1_514' title='bbox 1449 2435 1471 2455; x_wconf 86' lang='lat' dir='ltr'>u</span> <span class='ocrx_word' id='word_1_515' title='bbox 1480 2420 1520 2455; x_wconf 69' lang='grc' dir='ltr'>εἴ</span> <span class='ocrx_word' id='word_1_516' title='bbox 1529 2435 1581 2468; x_wconf 85' lang='lat' dir='ltr'>qu</span> <span class='ocrx_word' id='word_1_517' title='bbox 1593 2436 1629 2455; x_wconf 82' lang='lat' dir='ltr'>e:</span> 
     </span>
     <span class='ocr_line' id='line_1_72' title="bbox 938 2467 1631 2513; baseline -0.003 -13"><span class='ocrx_word' id='word_1_518' title='bbox 938 2468 1067 2513; x_wconf 67' lang='lat' dir='ltr'>itaque.</span> <span class='ocrx_word' id='word_1_519' title='bbox 1114 2467 1199 2499; x_wconf 80' lang='lat' dir='ltr'>Bell.</span> <span class='ocrx_word' id='word_1_520' title='bbox 1215 2485 1262 2492; x_wconf 92' lang='lat'>—</span> <span class='ocrx_word' id='word_1_521' title='bbox 1276 2480 1369 2501; x_wconf 85' lang='lat' dir='ltr'>vero.</span> <span class='ocrx_word' id='word_1_522' title='bbox 1417 2468 1446 2500; x_wconf 91' lang='lat' dir='ltr'><strong>G</strong></span> <span class='ocrx_word' id='word_1_523' title='bbox 1460 2467 1564 2512; x_wconf 75' lang='lat' dir='ltr'>(mm)</span> <span class='ocrx_word' id='word_1_524' title='bbox 1586 2486 1631 2493; x_wconf 91' lang='lat'><em>-</em></span> 
     </span>
     <span class='ocr_line' id='line_1_73' title="bbox 937 2513 1631 2548; baseline 0.001 -3"><span class='ocrx_word' id='word_1_525' title='bbox 937 2514 1104 2546; x_wconf 76' lang='lat' dir='ltr'>civitates</span> <span class='ocrx_word' id='word_1_526' title='bbox 1136 2519 1171 2545; x_wconf 85' lang='lat' dir='ltr'>et</span> <span class='ocrx_word' id='word_1_527' title='bbox 1190 2528 1234 2541; x_wconf 95' lang='lat'>=</span> <span class='ocrx_word' id='word_1_528' title='bbox 1255 2525 1306 2546; x_wconf 77' lang='lat' dir='ltr'>ve</span> <span class='ocrx_word' id='word_1_529' title='bbox 1317 2524 1396 2546; x_wconf 77' lang='lat' dir='ltr'>rsa</span> <span class='ocrx_word' id='word_1_530' title='bbox 1407 2525 1426 2546; x_wconf 79' lang='lat' dir='ltr'>s</span> <span class='ocrx_word' id='word_1_531' title='bbox 1449 2514 1557 2548; x_wconf 73' lang='lat' dir='ltr'>malis</span> <span class='ocrx_word' id='word_1_532' title='bbox 1577 2513 1631 2546; x_wconf 83' lang='lat' dir='ltr'>le-</span> 
     </span>
     <span class='ocr_line' id='line_1_74' title="bbox 935 2559 1052 2604; baseline 0.009 -14"><span class='ocrx_word' id='word_1_533' title='bbox 935 2559 1052 2604; x_wconf 78' lang='lat' dir='ltr'>gibus.</span> 
     </span>
    </p>
   </div>
   <div class='ocr_carea' id='block_1_27' title="bbox 938 2602 1633 2729">
    <p class='ocr_par' dir='ltr' id='par_1_29' title="bbox 938 2602 1633 2729">
     <span class='ocr_line' id='line_1_75' title="bbox 983 2602 1633 2650; baseline -0.005 -12"><span class='ocrx_word' id='word_1_534' title='bbox 983 2602 1038 2638; x_wconf 84' lang='grc'>39.</span> <span class='ocrx_word' id='word_1_535' title='bbox 1065 2604 1162 2650; x_wconf 83' lang='lat' dir='ltr'>apud</span> <span class='ocrx_word' id='word_1_536' title='bbox 1184 2615 1263 2637; x_wconf 80' lang='lat' dir='ltr'>omn</span> <span class='ocrx_word' id='word_1_537' title='bbox 1274 2604 1288 2636; x_wconf 83' lang='lat' dir='ltr'><em>i</em></span> <span class='ocrx_word' id='word_1_538' title='bbox 1298 2615 1317 2636; x_wconf 74' lang='lat' dir='ltr'>s</span> <span class='ocrx_word' id='word_1_539' title='bbox 1328 2619 1375 2632; x_wconf 92' lang='lat'><strong><em>=</em></strong></span> <span class='ocrx_word' id='word_1_540' title='bbox 1387 2605 1426 2636; x_wconf 88' lang='lat' dir='ltr'>B.</span> <span class='ocrx_word' id='word_1_541' title='bbox 1498 2603 1558 2636; x_wconf 74' lang='lat' dir='ltr'>Gn</span> <span class='ocrx_word' id='word_1_542' title='bbox 1568 2604 1633 2639; x_wconf 62' lang='lat'>2181</span> 
     </span>
     <span class='ocr_line' id='line_1_76' title="bbox 938 2650 1360 2696; baseline -0.005 -12"><span class='ocrx_word' id='word_1_543' title='bbox 938 2668 983 2674; x_wconf 93' lang='lat'><strong>—</strong></span> <span class='ocrx_word' id='word_1_544' title='bbox 994 2651 1027 2686; x_wconf 59' lang='grc' dir='ltr'>Ε</span> <span class='ocrx_word' id='word_1_545' title='bbox 1037 2666 1082 2678; x_wconf 91' lang='lat'><strong><em>=</em></strong></span> <span class='ocrx_word' id='word_1_546' title='bbox 1094 2650 1190 2696; x_wconf 76' lang='lat' dir='ltr'>apud</span> <span class='ocrx_word' id='word_1_547' title='bbox 1212 2660 1291 2682; x_wconf 87' lang='lat' dir='ltr'>omn</span> <span class='ocrx_word' id='word_1_548' title='bbox 1301 2662 1320 2682; x_wconf 81' lang='lat' dir='ltr'>e</span> <span class='ocrx_word' id='word_1_549' title='bbox 1331 2661 1360 2682; x_wconf 72' lang='lat' dir='ltr'>e.</span> 
     </span>
     <span class='ocr_line' id='line_1_77' title="bbox 985 2693 1632 2729; baseline -0.002 -1"><span class='ocrx_word' id='word_1_550' title='bbox 985 2707 1007 2728; x_wconf 85' lang='lat' dir='ltr'><em>n</em></span> <span class='ocrx_word' id='word_1_551' title='bbox 1019 2709 1038 2729; x_wconf 87' lang='lat' dir='ltr'>o</span> <span class='ocrx_word' id='word_1_552' title='bbox 1050 2708 1074 2728; x_wconf 85' lang='lat' dir='ltr'>n</span> <span class='ocrx_word' id='word_1_553' title='bbox 1098 2697 1196 2729; x_wconf 65' lang='lat' dir='ltr'>vitae</span> <span class='ocrx_word' id='word_1_554' title='bbox 1217 2696 1275 2728; x_wconf 76' lang='lat' dir='ltr'>Iex</span> <span class='ocrx_word' id='word_1_555' title='bbox 1299 2694 1381 2727; x_wconf 73' lang='lat' dir='ltr'>est?</span> <span class='ocrx_word' id='word_1_556' title='bbox 1393 2709 1439 2722; x_wconf 90' lang='lat'><strong><em>=</em></strong></span> <span class='ocrx_word' id='word_1_557' title='bbox 1502 2693 1632 2727; x_wconf 81' lang='grc' dir='ltr'><strong><em>ιοΠστυ</em></strong></span> 
     </span>
    </p>
   </div>
   <div class='ocr_carea' id='block_1_28' title="bbox 939 2739 1634 2867">
    <p class='ocr_par' dir='ltr' id='par_1_30' title="bbox 939 2739 1634 2867">
     <span class='ocr_line' id='line_1_78' title="bbox 939 2739 1634 2786; baseline -0.007 -10"><span class='ocrx_word' id='word_1_558' title='bbox 939 2743 1027 2786; x_wconf 78' lang='grc' dir='ltr'><strong>φχψ.</strong></span> <span class='ocrx_word' id='word_1_559' title='bbox 1098 2753 1117 2785; x_wconf 85' lang='grc' dir='ltr'>ρ</span> <span class='ocrx_word' id='word_1_560' title='bbox 1128 2757 1172 2770; x_wconf 93' lang='lat'><strong><em>=</em></strong></span> <span class='ocrx_word' id='word_1_561' title='bbox 1185 2752 1254 2773; x_wconf 81' lang='lat' dir='ltr'>non</span> <span class='ocrx_word' id='word_1_562' title='bbox 1263 2752 1285 2772; x_wconf 84' lang='lat' dir='ltr'>n</span> <span class='ocrx_word' id='word_1_563' title='bbox 1297 2751 1317 2772; x_wconf 79' lang='lat' dir='ltr'>e</span> <span class='ocrx_word' id='word_1_564' title='bbox 1349 2739 1447 2772; x_wconf 68' lang='lat' dir='ltr'>vitae</span> <span class='ocrx_word' id='word_1_565' title='bbox 1483 2751 1526 2771; x_wconf 71' lang='lat' dir='ltr'>ex</span> <span class='ocrx_word' id='word_1_566' title='bbox 1552 2747 1606 2772; x_wconf 70' lang='lat' dir='ltr'>est</span> <span class='ocrx_word' id='word_1_567' title='bbox 1616 2739 1634 2771; x_wconf 79' lang='lat'><em>?</em></span> 
     </span>
     <span class='ocr_line' id='line_1_79' title="bbox 939 2785 1633 2822; baseline -0.007 0"><span class='ocrx_word' id='word_1_568' title='bbox 939 2788 968 2822; x_wconf 67' lang='lat'>2(</span> <span class='ocrx_word' id='word_1_569' title='bbox 978 2802 1023 2815; x_wconf 93' lang='lat'>=</span> <span class='ocrx_word' id='word_1_570' title='bbox 1033 2799 1055 2820; x_wconf 89' lang='lat' dir='ltr'><em>n</em></span> <span class='ocrx_word' id='word_1_571' title='bbox 1066 2799 1089 2819; x_wconf 86' lang='lat' dir='ltr'><em>u</em></span> <span class='ocrx_word' id='word_1_572' title='bbox 1100 2799 1133 2820; x_wconf 90' lang='lat' dir='ltr'><em>m</em></span> <span class='ocrx_word' id='word_1_573' title='bbox 1150 2787 1247 2819; x_wconf 73' lang='lat' dir='ltr'>vitae</span> <span class='ocrx_word' id='word_1_574' title='bbox 1265 2785 1323 2818; x_wconf 77' lang='lat' dir='ltr'>lex</span> <span class='ocrx_word' id='word_1_575' title='bbox 1343 2785 1422 2818; x_wconf 73' lang='lat' dir='ltr'>esc?</span> <span class='ocrx_word' id='word_1_576' title='bbox 1447 2785 1586 2820; x_wconf 63' lang='lat' dir='ltr'>Gnffi-</span> <span class='ocrx_word' id='word_1_577' title='bbox 1600 2786 1633 2821; x_wconf 62' lang='lat'><em>&amp;</em></span> 
     </span>
     <span class='ocr_line' id='line_1_80' title="bbox 939 2830 1404 2867; baseline -0.006 0"><span class='ocrx_word' id='word_1_578' title='bbox 939 2848 985 2862; x_wconf 90' lang='lat'>=</span> <span class='ocrx_word' id='word_1_579' title='bbox 997 2834 1046 2867; x_wconf 84' lang='lat' dir='ltr'>ni</span> <span class='ocrx_word' id='word_1_580' title='bbox 1057 2833 1100 2866; x_wconf 74' lang='lat' dir='ltr'>si</span> <span class='ocrx_word' id='word_1_581' title='bbox 1122 2833 1220 2866; x_wconf 75' lang='lat' dir='ltr'>vitae</span> <span class='ocrx_word' id='word_1_582' title='bbox 1240 2830 1296 2864; x_wconf 77' lang='lat' dir='ltr'>Iex</span> <span class='ocrx_word' id='word_1_583' title='bbox 1319 2839 1373 2864; x_wconf 78' lang='lat' dir='ltr'>est</span> <span class='ocrx_word' id='word_1_584' title='bbox 1382 2831 1404 2864; x_wconf 83' lang='lat'><em>?</em></span> 
     </span>
    </p>
   </div>
  </div>
 </body>
</html>
