1742 3094
156 225 242 271 270
612 229 655 269 L.
685 228 884 270 ANNAEI
913 231 1143 272 SENECAE

159 341 249 395 quia
272 339 387 396 plano
418 339 515 382 nihil
536 348 596 382 est
622 341 788 396 planius.
849 342 944 384 Non
974 351 1085 400 potes
1113 345 1243 387 dicere
1274 346 1346 387 hoc
1372 347 1497 403 magis
1524 362 1595 404 par

161 423 250 450 esse
280 409 395 450 alicui
426 423 538 464 quam
568 409 684 451 illud:
730 424 826 466 ergo
857 425 930 452 nee
960 412 1126 454 honesto
1157 414 1360 456 honestius
1389 415 1593 471 quiequam

108 489 142 517 28
161 483 235 518 est.
298 475 410 531 Quod
431 477 464 517 si
487 491 558 532 par
579 478 751 519 omnium
774 479 960 520 uirtutum
985 487 1125 522 natura
1146 488 1228 534 est,
1262 482 1335 524 tria
1356 497 1504 538 genera
1524 482 1593 525 bo-

156 559 296 586 norum
313 545 354 585 in
375 558 500 600 aequo
519 553 623 587 sunt.
685 544 746 587 Ita
769 547 880 588 dico:
913 547 954 588 in
975 562 1100 603 aequo
1117 557 1177 591 est
1199 551 1400 592 moderate
1422 552 1594 606 gaudere

137 620 196 654 ‘et
219 613 420 654 moderate
444 614 601 654 dolere:
646 614 797 655 laetitia
815 615 882 655 illa
904 630 983 656 non
1013 617 1137 658 uincit
1159 618 1259 659 hanc
1290 619 1408 660 animi
1434 619 1593 660 firmita-

154 688 232 722 tem
255 681 326 722 sub
348 688 497 722 tortore
518 682 685 736 gemitus
712 682 979 724 deum-antem.
1042 682 1113 725 Illa
1133 685 1236 726 bona
1257 686 1462 742 optabilia,
1476 715 1480 718 -
1495 687 1592 728 haee

153 749 348 790 mirabilia
367 755 479 790 sunt:
507 756 669 804 utraque
692 749 812 791 nihilo
833 750 960 791 minus
981 751 1104 806 paria,
1134 753 1223 807 quia
1242 754 1423 809 quiequid
1442 754 1592 796 incom-

154 816 257 857 modi
286 823 347 857 est
371 817 411 858 ui
439 824 545 858 tanto
571 817 734 859 maioris
767 818 861 859 boni
893 819 1051 873 tegitur.
1115 818 1302 876 Quisquis
1324 821 1420 862 haee
1441 821 1594 878 inparia

152 884 299 925 iudicat
317 885 364 925 ab
389 885 483 940 ipsis
509 885 718 927 uirtutibus
745 886 889 927 auertit
918 887 1052 929 oculos
1073 894 1113 929 ει
1136 889 1335 932 exteriora
1365 890 1592 946 circumspi-

101 959 135 988 '20
154 952 221 993 cit.
282 950 394 993 Bona
419 967 514 994 uera
532 953 634 995 idem
657 955 851 1010 pendunt,
892 955 994 996 idem
1015 962 1162 1011 patent.
1223 956 1290 998 illa
1310 957 1409 998 falsa
1430 958 1591 1000 multum

150 1020 293 1061 habent
312 1021 417 1062 uani.
479 1020 617 1077 Itaque
639 1022 818 1078 speciosa
838 1029 878 1064 et
901 1037 1043 1078 magna
1067 1031 1202 1065 eontra
1226 1025 1443 1066 uisentibus
1457 1056 1469 1076 ‚
1502 1039 1589 1066 cum

149 1088 198 1129 ad
219 1089 369 1144 pondus
395 1097 582 1130 reuocata
602 1097 708 1142 sunt,
741 1090 892 1131 fallunt.
953 1089 1014 1131 Ita
1034 1098 1116 1142 est,
1151 1091 1204 1132 mi
1223 1090 1374 1144 Lucili,
1408 1092 1589 1148 quiequid

148 1170 245 1197 uera
272 1156 372 1198 ratio
399 1157 646 1198 commendat
668 1158 833 1199 solidum
853 1165 893 1200 et
917 1165 1119 1200 aeternum
1137 1166 1222 1211 est,
1266 1160 1394 1201 firmat
1417 1159 1589 1201 animum

147 1224 374 1279 adtollitque
395 1239 552 1281 semper
570 1227 742 1266 futurum
757 1226 800 1267 in
825 1227 1012 1267 excelso:
1051 1227 1117 1267 illa
1139 1241 1238 1281 quae
1257 1234 1406 1268 temere
1429 1228 1587 1269 laudan·-

146 1298 212 1333 tur
230 1299 270 1333 et
288 1292 396 1347 uolgi
419 1293 615 1334 sententia
634 1293 737 1334 bona
758 1300 852 1334 sunt
870 1294 1008 1335 inflant
1026 1294 1206 1336 inanibus
1228 1295 1370 1336 laetos.
1430 1293 1588 1337 Rursus

148 1373 195 1401 ea
218 1374 318 1415 quae
350 1360 536 1402 timentur
569 1367 764 1416 tamquam
795 1362 895 1403 mala
919 1362 1087 1403 iniciunt
1115 1363 1360 1404 formidinem
1393 1362 1588 1404 mentibus

95 1441 130 1468 30
148 1435 188 1469 et
205 1428 293 1469 illas
312 1443 393 1469 non
414 1429 528 1470 aliter
545 1443 659 1485 quam
681 1429 864 1470 animalia
883 1430 1036 1485 speeies
1060 1424 1225 1486 periculi
1245 1430 1407 1486 agitant.
1469 1428 1587 1472 Utra-

145 1510 220 1552 que
241 1511 336 1552 ergo
360 1511 427 1539 res
448 1497 535 1539 siue
555 1512 673 1539 causa
694 1498 862 1539 animum
886 1505 926 1539 ει
950 1498 1128 1539 diffundit.
1151 1505 1191 1539 et
1216 1499 1399 1540 mordet:
1431 1511 1505 1539 nee
1522 1498 1587 1540 illa

144 1565 285 1619 gaudio
310 1579 383 1606 nee
409 1566 504 1606 haee
533 1572 641 1606 metu
673 1566 789 1621 digna
813 1573 888 1607 est.
951 1565 1046 1608 Sola
1069 1566 1171 1607 ratio
1199 1566 1439 1608 inmutabilis
1463 1572 1505 1607 et
1525 1565 1586 1608 iu·-

144 1632 235 1674 dicii
255 1640 374 1675 tenax
393 1640 478 1674 est:
512 1648 591 1674 non
614 1634 717 1674 enim
740 1634 886 1685 seruit,
927 1636 997 1675 sed
1018 1634 1183 1689 imperat
1206 1634 1403 1675 sensibus.
1465 1633 1584 1674 Ratio

144 1701 289 1756 rationi
309 1715 381 1756 par
400 1708 461 1742 est
473 1701 575 1754 sieut
586 1708 737 1742 rectum
751 1708 885 1748 recto:
911 1714 1006 1756 ergo
1025 1708 1066 1742 et
1079 1701 1224 1756 [uirtus
1246 1701 1429 1756 uirtutiJ:
1459 1700 1585 1742 uirtus

143 1783 221 1810 non
243 1769 347 1810 aliud
370 1783 483 1824 quam
506 1776 616 1810 recta
635 1769 736 1810 ratio
764 1776 839 1810 est.

185 1883 262 1926 PpB
273 1881 423 1915 nonnulli
434 1893 471 1926 ρρ
483 1883 627 1920 ffi—OEl.
639 1883 689 1923 ,ῗςιι
699 1897 744 1910 =
759 1882 842 1915 Non

137 1936 278 1974 potest
298 1928 428 1960 dicere.
478 1927 554 1961 Hoc
573 1927 757 1961 defendere
773 1940 841 1972 po·-

138 1972 240 2006 tueris
265 1984 326 2014 eo,
353 1973 443 2018 quod
467 1975 593 2006 Seneca
618 1972 841 2006 adversarium

138 2018 327 2062 intelligens
347 2018 435 2051 solet
454 2019 527 2051 fere
545 2019 691 2051 scribere
712 2020 838 2064 inquit,

138 2063 195 2096 ubi
213 2064 256 2096 ad
279 2071 405 2097 certum
426 2064 590 2108 quendam
608 2064 778 2097 hominem
799 2076 840 2096 ex

139 2109 298 2141 orationis
311 2121 397 2141 nexu
412 2110 531 2142 referri
545 2110 676 2155 nequit:
702 2109 737 2143 id
750 2109 839 2142 mul-

137 2154 180 2186 tis
203 2153 286 2186 locis
303 2161 431 2187 temere
446 2161 615 2187 mutarunt
629 2154 665 2186 in
683 2155 746 2200 inq
755 2167 777 2186 ιι
788 2155 802 2187 ι’
811 2167 839 2188 s.

177 2223 249 2256 par
271 2223 290 2243 e
300 2223 317 2244 ε
329 2222 375 2243 se
395 2225 440 2238 =
461 2222 538 2243 mss.
562 2210 661 2243 etiam
686 2211 744 2242 Gr.
768 2210 840 2242 fere

137 2267 252 2289 omnes
286 2256 503 2291 Xffi—ffi&.
585 2256 840 2293 (51.—⁵ma=

132 2313 206 2347 par
224 2314 243 2333 e
253 2313 272 2333 s
282 2309 310 2334 t.
380 2301 435 2333 PR
451 2306 485 2339 -1-
502 2313 608 2346 quam
627 2300 712 2333 illi
732 2300 838 2335 illud.

136 2347 217 2380 wsG
233 2351 267 2386 -1-
284 2358 389 2391 quam
411 2346 503 2378 illud
525 2346 622 2378 illi.
669 2346 783 2381 {It—z
798 2350 833 2385 -ἔ-

137 2405 242 2438 quam
263 2392 374 2425 illud.-
397 2392 413 2424 i
422 2391 439 2424 l
447 2392 462 2424 l
469 2403 491 2423 ιι
501 2391 526 2425 cl
547 2403 644 2436 ergo.

179 2458 234 2494 28.
263 2458 613 2493 P=incommodia
635 2467 700 2492 est.

180 2518 230 2550 vi
251 2524 391 2550 tanto
414 2516 659 2548 maioris=P

136 2575 184 2607 pp.
265 2562 399 2606 Arg.bw
410 2561 466 2594 alii
476 2573 514 2605 pp
525 2562 552 2594 Ρ
564 2559 594 2594 1.
608 2559 642 2594 3.
681 2585 689 2592 .
715 2561 785 2594 Col.
801 2563 835 2597 §R

133 2627 180 2633 ——
189 2610 222 2643 3
241 2623 285 2636 =
307 2611 321 2641 i
332 2620 357 2640 η
386 2615 487 2640 tanto
510 2607 669 2640 maioris.
717 2606 782 2639 Alii
797 2619 834 2650 pp

134 2655 206 2686 B=
217 2655 255 2686 vi
275 2662 339 2686 tan
351 2662 365 2686 ι
375 2666 397 2685 a
416 2653 574 2686 maioris.
623 2652 700 2684 G=
710 2664 733 2684 n
744 2653 834 2684 ini-

134 2708 148 2732 t
158 2699 182 2732 ἆ
194 2707 208 2732 ι
219 2711 242 2732 α
275 2699 435 2732 maioris.
492 2698 576 2742 Βτγι
585 2695 645 2732 Ρ2.
669 2698 732 2738 21³8
743 2717 787 2722 —
798 2699 833 2737 ,ἕ

132 2759 178 2773 =
192 2756 243 2778 ve
253 2744 301 2777 la
311 2757 346 2776 m
357 2757 376 2777 e
387 2756 410 2777 n
422 2753 436 2777 ι
448 2755 474 2776 o*
487 2743 647 2777 maioris.
673 2742 763 2787 quod
777 2755 834 2776 as-

131 2790 226 2834 signa
250 2789 385 2823 librario
417 2788 606 2822 emendanti
635 2788 692 2822 vel
724 2788 833 2832 expli-

134 2835 232 2869 canti.
302 2847 326 2881 p
336 2851 380 2864 =
392 2843 494 2869 aven
506 2844 547 2868 ει
570 2834 697 2868 oculos.
743 2834 778 2869 {R
786 2849 833 2864 =

133 2894 156 2915 a
168 2882 193 2914 d
204 2882 312 2915 vertit
334 2893 383 2916 oc.
432 2893 460 2913 w
470 2896 515 2910 =
528 2894 547 2914 e
560 2892 580 2914 ν
591 2880 676 2915 ertit
697 2891 746 2914 oc.

709 2515 837 2560 aliquot

903 1767 1053 1810 Omnes
1077 1769 1242 1810 uirtutes
1265 1769 1440 1811 rationes
1462 1775 1581 1810 sunt:

932 1880 988 1917 29,
1022 1883 1088 1926 prB
1112 1881 1183 1914 fere
1205 1893 1319 1914 omnes
1340 1893 1378 1925 pp
1397 1880 1586 1917 8—ss=

887 1928 983 1961 idem
1004 1939 1073 1975 pen
1085 1928 1109 1961 d
1119 1940 1138 1960 ο
1148 1939 1171 1959 n
1182 1935 1208 1962 t.

932 1973 1027 2006 illa
1057 1972 1170 2018 falsa
1201 1987 1247 2001 =
1280 1984 1358 2005 ms.
1393 1971 1492 2006 etiam
1526 1971 1586 2006 Gr·

887 2019 945 2052 Pin
951 2031 979 2051 c.
1002 2019 1195 2054 ἸΙθί-ΒΞ.
1266 2019 1295 2053 ἆ
1302 2018 1442 2055 Ιο--Ἦῖα
1452 2034 1496 2042 ·-—
1508 2017 1587 2052 illa.

931 2077 953 2108 p
962 2080 1008 2092 =
1020 2072 1202 2097 aeternum
1225 2076 1244 2096 e
1255 2071 1270 2095 t
1294 2064 1309 2095 i
1319 2063 1478 2106 afirmat
1500 2063 1586 2095 ani-

886 2122 988 2142 mum.
1058 2120 1080 2152 p
1090 2124 1136 2136 =
1149 2117 1183 2141 et
1204 2109 1234 2140 il
1243 2109 1259 2140 l
1266 2120 1289 2140 α
1299 2120 1335 2142 m
1356 2119 1427 2143 non
1447 2108 1568 2142 aliter.

931 2153 987 2187 30.
1014 2152 1435 2199 G(mm)—inn1uaeab1·lis
1446 2171 1490 2176 —
1502 2154 1584 2185 Ra.-

886 2200 936 2231 tio
957 2199 1103 2231 rationi.
1164 2198 1402 2243 p=imperat
1423 2196 1584 2231 sensibus

886 2245 992 2278 ratio.
1040 2243 1182 2276 Ratio
1200 2255 1289 2289 par
1300 2255 1318 2276 s
1339 2250 1404 2276 est.

931 2300 1018 2334 ergo
1040 2297 1075 2321 ec
1095 2289 1257 2323 virtus
1281 2287 1480 2324 uirtuti:
1503 2287 1583 2320 vir-

885 2341 943 2367 tus
962 2346 1032 2368 non
1052 2333 1154 2367 aliud
1173 2346 1278 2380 quam
1298 2333 1393 2366 ratio
1412 2333 1583 2369 est==&.

886 2381 1001 2413 virtus
1022 2379 1151 2412 virtuti
1167 2379 1259 2412 uncis
1278 2377 1407 2418 inclusi,
1431 2389 1505 2411 cum
1526 2389 1583 2411 es-

883 2431 958 2457 sent
980 2431 1108 2457 tantum
1124 2424 1165 2457 ab
1186 2423 1321 2468 iugenio
1336 2423 1400 2456 Swi
1416 2423 1583 2468 profecta.

883 2471 963 2503 Mss.
989 2471 1073 2514 (exc,
1099 2469 1135 2514 p)
1165 2469 1266 2502 etiam
1301 2468 1450 2514 plerique
1471 2469 1528 2501 Gr.
1554 2469 1584 2505 ἵ

883 2517 1171 2561 {It—&r-:ergo
1193 2524 1226 2548 et
1248 2516 1364 2548 virtus
1387 2525 1458 2547 non
1480 2513 1586 2547 aliud

884 2560 957 2606 [1²2.
972 2577 1017 2590 =
1032 2562 1158 2595 alite
1168 2561 1201 2606 r]
1223 2572 1328 2608 quam
1351 2560 1446 2592 racio
1467 2567 1520 2592 est
1539 2558 1582 2602 (ἴ

883 2609 946 2644 (21.
957 2625 1003 2631 —
1014 2609 1046 2642 (ξ’)
1059 2625 1105 2631 -
1117 2606 1196 2650 est.)
1243 2618 1265 2651 p
1277 2621 1321 2634 =
1334 2616 1420 2650 ergo
1443 2612 1478 2637 et
1501 2604 1579 2636 vir-

881 2660 939 2686 tus
965 2653 1125 2685 rationes
1157 2660 1251 2690 sunt,
1297 2651 1456 2684 rationes
1485 2656 1578 2690 sunt,

881 2698 916 2730 si
937 2706 1057 2731 rectae
1085 2705 1167 2730 sunt
1196 2705 1231 2730 et
1250 2706 1362 2742 pare-2
1389 2701 1471 2726 sunt
1495 2692 1578 2726 reli-

881 2742 952 2787 quis
986 2742 1126 2776 omissis.
1182 2743 1228 2778 §m
1239 2759 1284 2766 -—-
1294 2741 1358 2775 Ra
1368 2754 1414 2768 ==
1427 2750 1514 2785 ergo
1545 2746 1580 2772 et

881 2790 1016 2831 virtus,
1041 2800 1160 2834 quae
1182 2798 1252 2822 non
1273 2785 1376 2819 aliud
1397 2792 1451 2817 est
1473 2796 1578 2830 quam

879 2842 978 2867 recta
1001 2834 1107 2869 ratio.

925 2882 1053 2914 Omnes
1088 2877 1239 2912 virtutes
1275 2874 1436 2909 rationes
1472 2883 1555 2909 sum
1567 2887 1578 2908 .·
