1742 3094
173 169 256 213 402
631 170 675 210 L.
706 169 902 211 ANNAEI
933 171 1165 213 SENECAE

177 292 320 341 quanto
347 285 454 325 ssent.
516 282 642 324 Adice
668 297 770 324 nunc
801 283 901 339 quod
932 284 1030 336 ista,
1063 285 1239 339 quamuis
1267 285 1414 340 exigua
1440 286 1544 338 sint,
1574 287 1614 328 in

177 354 302 395 maius
328 351 550 394 excedunt:
583 365 788 406 numquam
811 347 1033 407 perniciosa
1054 361 1215 394 seruant
1235 355 1406 396 modum.
1467 353 1617 409 Quam-

178 422 238 464 uis
258 421 361 463 leuia
379 419 488 461 initia
507 419 730 460 morborum
752 427 914 475 serpunt
938 427 977 460 ct
997 433 1116 475 aegra
1137 435 1300 477 corpora
1323 422 1479 463 minima
1496 423 1618 463 iuter-

178 491 267 531 dum
300 488 443 543 mergit
472 487 664 528 accessio.
726 485 825 528 Illud
858 501 956 529 uero
984 488 1094 529 cuius
1125 489 1345 532 dementiae
1371 497 1433 540 est
1455 490 1618 531 credere

181 571 342 613 quarum
373 569 505 597 rerum
539 562 655 595 extra
690 561 867 595 nostrum
908 554 1111 596 arbitrium
1143 557 1269 612 posita
1304 558 1490 614 principia
1527 564 1620 599 suut

132 634 163 661 ¹2
184 639 316 666 earum
340 623 462 665 nostri
486 636 576 663 esse
598 621 749 662 arbitrii
771 621 990 663 terminos?
1048 621 1255 677 Quomodo
1274 626 1321 666 ad
1346 626 1383 667 id
1410 626 1618 666 finiendum

178 693 273 734 satis
295 691 410 732 ualeo
433 690 478 730 ad
502 690 603 745 quod
630 689 910 745 prohibendum
935 703 1069 746 pamm
1100 691 1230 743 ualui,
1275 707 1362 734 cum
1395 693 1544 734 {acilius
1567 693 1619 733 sit

179 760 391 801 excludere
416 772 528 813 quam
553 757 722 799 admissa
741 758 1014 813 conprimere?
1072 757 1239 813 Quidam
1266 759 1319 801 ita
1338 760 1616 812 distinxerunt,

178 835 221 869 ut
243 827 440 869 dicerent:
480 825 745 880 Temperans
761 839 816 867 ac
832 826 1030 880 prudeus
1044 828 1263 880 positione
1282 828 1450 883 «paidom
1471 829 1621 869 mentis

179 901 219 937 et
244 894 392 936 habitu
418 895 679 949 tranquillus
713 898 800 945 est,
845 899 998 935 euentu
1020 908 1107 936 non
1131 900 1207 937 cst.
1304 896 1384 938 'am
1416 901 1620 952 qnantum

179 964 240 1006 ad
268 963 454 1005 habitum
486 964 636 1004 mentis
665 976 771 1004 suae
799 975 885 1004 non
909 962 1200 1017 pcnnrbatm·
1228 977 1306 1006 uec
1334 966 1620 1006 contristatur

179 1045 259 1074 nec
279 1033 394 1073 timet
407 1045 420 1072 ε
451 1030 527 1072 sed
549 1031 709 1072 multae
731 1031 999 1072 extrinsecus
1021 1045 1182 1072 causae
1205 1032 1400 1073 incidunt
1422 1045 1532 1087 quae
1550 1032 1619 1073 im

134 1110 165 1136 ¹³
178 1099 552 1154 perturbationem
576 1097 799 1154 adseram.
861 1097 962 1139 Tale
978 1105 1041 1139 est
1059 1099 1161 1153 quod
1182 1099 1318 1142 uolunt
1341 1100 1496 1141 dicero:
1541 1099 1621 1140 ira-

181 1162 349 1209 cundum
382 1166 535 1221 quidem
568 1166 674 1207 illum
709 1179 787 1206 non
820 1179 936 1217 esse,
982 1166 1100 1207 irasci
1137 1173 1266 1208 tamen
1297 1168 1518 1222 aliquando.
1580 1174 1621 1209 et

178 1235 351 1276 timidum
377 1234 530 1289 quidem
557 1248 636 1274 non
660 1247 749 1275 esse
764 1264 775 1285 ,
806 1234 945 1274 timere
968 1240 1098 1274 tamen
1115 1234 1347 1288 aliquando,
1379 1235 1417 1276 id
1433 1243 1496 1277 est
1522 1235 1618 1276 uitio

180 1302 331 1344 timoris
350 1316 502 1354 carere,
535 1302 689 1342 adfectu
710 1316 788 1342 non
805 1315 958 1342 carere.
1021 1300 1136 1356 Quod
1159 1302 1192 1342 si
1210 1302 1414 1358 recipitur,
1447 1318 1522 1345 usu
1541 1304 1619 1344 fre-

178 1370 311 1426 quenti
331 1371 448 1411 timor
470 1370 649 1411 transibit
665 1370 706 1410 iu
725 1369 861 1410 uitium
882 1376 921 1410 et
943 1369 999 1410 ira
1015 1369 1056 1410 in
1074 1369 1244 1411 animum
1260 1371 1429 1412 admissa
1449 1371 1619 1412 habitum

178 1439 285 1480 illum
315 1438 374 1479 ira
402 1438 571 1479 carentis
606 1438 723 1478 animi
758 1444 928 1479 retexet.
989 1436 1202 1479 Praeterea
1243 1438 1276 1479 si
1302 1453 1380 1480 non
1405 1439 1619 1482 contemnit

180 1507 386 1547 uenientes
409 1506 659 1546 extrinsecus
683 1519 823 1546 causas
845 1512 883 1546 et
906 1505 1048 1560 aliquid
1073 1505 1196 1557 timet,
1229 1521 1317 1547 cum
1346 1507 1499 1548 fortiter
1522 1521 1618 1548 cun-

180 1574 269 1615 dum
293 1574 366 1615 erit
393 1574 584 1614 aduersus
606 1573 683 1614 tela
698 1604 708 1624 ,
740 1574 854 1627 ignes
869 1604 879 1624 ,
913 1587 983 1628 pro
1003 1574 1127 1628 patria
1144 1605 1155 1625 ,
1196 1574 1346 1628 legibus
1361 1607 1372 1626 ‚
1421 1575 1616 1625 libertate,

180 1647 409 1682 cunctanter
440 1641 562 1682 exibit
583 1647 622 1681 et
643 1641 771 1694 animo
803 1641 1028 1682 recedente.
1088 1639 1184 1681 Non
1210 1641 1312 1682 cadit
1337 1649 1467 1683 autem
1489 1642 1528 1683 in
1553 1656 1617 1683 sa-

134 1726 164 1752 14
182 1709 352 1766 pientem
382 1709 477 1750 haec
500 1708 708 1749 diuersitas
739 1708 897 1750 mentis.
958 1706 1056 1749 Illud
1090 1716 1293 1763 praeterea
1325 1709 1452 1750 iudico
1481 1710 1617 1750 obscr-

179 1777 363 1829 uandum,
397 1790 447 1818 ne
463 1777 538 1818 duo
558 1789 658 1831 quae
674 1776 883 1832 separatim
904 1776 1101 1831 probanda
1119 1783 1211 1817 sunt
1230 1777 1477 1818 misceamus.
1538 1776 1631 1819 Per*

179 1859 222 1886 se
246 1845 349 1886 enim
369 1844 564 1899 colligitur
584 1858 703 1886 unum
724 1844 868 1886 bonum
889 1858 979 1886 esse
999 1845 1098 1900 quod
1120 1844 1343 1897 honestum,
1375 1859 1447 1901 per
1466 1859 1511 1886 se
1529 1859 1625 1888 rure

224 1958 319 1992 quan
329 1955 342 1979 ι
353 1959 372 1979 o
388 1947 486 1990 fient
498 1961 543 1974 =
553 1946 707 1981 Pquffi
720 1965 762 1970 —-
775 1948 819 1981 z.

178 1992 259 2026 Rrss
270 2011 316 2018 —
331 1994 364 2028 ΕΞ
383 2008 429 2020 =
450 2004 544 2037 quan
555 1993 594 2024 ti
629 1992 739 2035 fient.
786 1991 872 2024 Rell.

179 2048 211 2069 n.
233 2037 256 2069 l.
327 2039 389 2075 ΕΙ.
403 2056 448 2062 -
461 2038 525 2072 3)]ἰο
545 2053 589 2065 ==
614 2046 808 2082 quantum
821 2038 876 2069 vis

179 2083 311 2129 exigua
324 2089 439 2115 contra
451 2090 554 2115 mstos
567 2083 667 2115 etiam
680 2084 733 2115 Sc.
791 2083 816 2114 R
831 2098 875 2111 =

179 2129 217 2158 ιἰι
247 2129 364 2161 maius
397 2129 505 2161 exc-ed
517 2141 535 2160 e
546 2140 567 2160 n
580 2137 604 2161 t.
677 2128 815 2172 G(moe)
829 2144 874 2156 =

180 2184 201 2203 ν
211 2173 225 2204 ι’
232 2181 246 2204 ι
256 2175 270 2205 i
280 2185 304 2205 a
328 2174 535 2206 morborum.
602 2185 631 2205 w
642 2189 686 2201 =
697 2175 874 2206 interdum

179 2229 211 2247 m
222 2231 240 2249 e
251 2231 269 2249 r
281 2231 298 2251 s
308 2219 324 2251 i
332 2227 358 2251 t.
407 2219 436 2253 2(
447 2234 492 2246 Ξ
515 2220 645 2263 mergit
676 2231 739 2250 acc
747 2232 765 2251 e
777 2231 796 2250 r
807 2220 870 2252 sio.

223 2275 239 2296 ν
262 2274 363 2295 nonu.
376 2263 432 2295 alii
448 2275 485 2306 pp
497 2278 542 2291 =
556 2264 653 2296 Illud
674 2276 693 2295 e
705 2276 759 2308 rg
770 2275 789 2295 o
810 2276 874 2296 cu-

178 2308 234 2339 ius
265 2308 356 2341 dem.
404 2308 434 2339 G
450 2308 537 2352 (sm)
561 2309 590 2343 X
610 2324 654 2336 =
677 2309 875 2341 dementia

179 2360 242 2385 est.
295 2394 298 2396 -
313 2354 342 2388 2(
354 2354 601 2398 —princip1'm

225 2395 277 2430 12.
302 2397 332 2432 'K
344 2413 388 2425 =
401 2398 580 2440 Quomodo
592 2397 641 2430 ad
654 2397 693 2430 id
715 2410 733 2430 s
743 2410 765 2430 u
774 2410 873 2431 men—

179 2442 272 2476 dum.
341 2443 460 2487 w(s<x>)
476 2459 521 2471 =
534 2444 685 2486 Quidam
719 2445 772 2476 ita
806 2444 873 2476 di—

178 2501 201 2519 x
214 2501 231 2521 e
244 2500 262 2520 r
273 2500 296 2520 α
308 2499 330 2520 n
341 2497 356 2520 ι
379 2497 428 2521 ut.
493 2489 553 2530 ζὲτ
566 2504 609 2516 =
620 2489 780 2534 prudens
803 2488 822 2521 b
833 2501 871 2521 o-

179 2546 200 2564 n
213 2546 236 2566 a
246 2546 265 2566 e
288 2534 427 2579 quidem
448 2534 576 2567 mentis
599 2534 722 2566 habitu
737 2546 801 2567 om.
826 2544 870 2568 et.

177 2577 287 2611 Etiam
316 2580 347 2611 G
356 2578 416 2611 1²1.
428 2578 462 2612 3.
483 2595 527 2607 =
551 2579 571 2612 b
581 2590 600 2612 o
609 2591 632 2611 n
643 2591 667 2612 α
678 2592 697 2612 e
731 2581 872 2624 quidem

179 2625 306 2656 mentis
330 2626 453 2669 (ortum
470 2625 536 2658 hoc
552 2635 594 2656 ex
608 2625 703 2671 pone
720 2625 741 2656 i.
756 2637 784 2658 e.
803 2638 871 2672 po-

179 2669 334 2713 sitione).
392 2670 598 2714 sGotssetwt-t-
614 2679 739 2704 eventa
763 2683 785 2703 v
795 2684 814 2704 e
823 2685 842 2703 r
853 2684 872 2704 o

178 2726 248 2747 non
269 2723 333 2748 est.
375 2715 436 2747 Gw
447 2731 492 2744 =
503 2728 633 2750 causae
655 2728 678 2748 α
688 2728 707 2748 c
717 2728 734 2748 c
745 2716 759 2748 ι’
770 2717 869 2751 dunt.

223 2770 275 2804 13.
301 2771 387 2806 X·—
399 2780 433 2804 et
453 2773 619 2806 timidum
635 2791 680 2798 -—
699 2773 753 2805 ali
778 2785 870 2806 uan-

176 2816 231 2849 do.
257 2817 358 2860 Arg.b
369 2836 411 2842 —
423 2818 563 2862 quidem
572 2825 649 2863 post
659 2819 739 2851 timi
766 2830 833 2851 um.

922 1946 1059 1990 Arg.bffl
1070 1966 1114 1971 —
1125 1947 1157 1982 23
1168 1962 1212 1975 τ.-
1224 1948 1349 1979 timere
1371 1959 1394 1979 a
1404 1959 1426 1979 ιι
1436 1955 1450 1979 ι
1460 1959 1478 1979 e
1489 1959 1520 1979 m
1542 1947 1615 1979 ali-

922 1993 1074 2037 quando.
1123 1992 1252 2036 PArg.b
1265 2004 1302 2035 pp
1319 1993 1401 2036 (exc.
1413 1992 1443 2035 λ)
1458 1993 1521 2027 ’Χθί
1534 2012 1574 2016 —
1584 1994 1615 2027 33

921 2053 966 2066 =
980 2037 1081 2082 Quod
1099 2038 1134 2070 si
1160 2039 1258 2084 rec-ip
1269 2040 1283 2070 i
1293 2045 1319 2070 t.
1367 2037 1563 2081 G=Quod
1583 2038 1616 2070 si

922 2095 944 2115 n
957 2096 976 2116 ο
987 2095 1010 2115 n
1035 2084 1132 2129 rec-ip
1143 2085 1158 2116 i
1167 2092 1191 2116 t.
1239 2095 1322 2115 w=
1334 2083 1434 2125 Quod
1454 2084 1488 2115 si
1507 2094 1614 2115 rece-

914 2142 941 2175 p
953 2130 967 2162 i
976 2137 1002 2161 t.

965 2182 1069 2206 trans
1079 2173 1122 2206 ib
1132 2174 1170 2206 it
1201 2190 1247 2198 -·
1275 2180 1373 2205 retes
1385 2184 1403 2203 e
1413 2179 1428 2204 t
1455 2187 1499 2199 =
1526 2172 1567 2204 Pr
1578 2172 1612 2205 λν

920 2230 1024 2251 nonu.
1047 2218 1102 2250 alii
1124 2230 1162 2262 pp
1185 2219 1249 2252 ’Σῖθί
1260 2236 1306 2242 -
1317 2217 1400 2252 ΒΞ.
1469 2218 1497 2249 R
1513 2217 1612 2259 A=·g.b

921 2265 949 2298 Ξῖ
971 2278 1015 2291 =
1035 2263 1242 2296 transibit
1257 2282 1299 2288 —--
1321 2263 1477 2295 retexit.
1526 2263 1555 2294 G
1568 2278 1614 2290 =

920 2307 1128 2341 transibit
1149 2327 1193 2333 ——
1215 2309 1414 2341 recessit.
1462 2310 1556 2346 WOEL
1570 2327 1613 2333 —

920 2354 983 2388 ⁵)Ra
1002 2369 1047 2381 =
1066 2362 1171 2387 tran-r
1180 2354 1194 2385 i
1203 2362 1218 2387 ι
1238 2372 1285 2378 -
1305 2362 1404 2386 rete-t·
1413 2354 1428 2385 i
1438 2361 1463 2386 t.
1531 2353 1556 2386 P
1567 2368 1614 2381 =

920 2400 1062 2432 venient
1072 2400 1086 2432 i
1096 2411 1115 2431 s
1139 2402 1372 2432 curin-secus.
1406 2398 1505 2431 Recc.
1517 2410 1555 2442 pp
1572 2403 1607 2438 -1-

919 2445 992 2476 tela
1022 2446 1126 2491 ignes
1137 2457 1158 2490 q
1167 2457 1189 2476 u
1199 2458 1219 2478 e
1242 2443 1294 2486 vel
1321 2444 1395 2476 tela
1422 2457 1441 2476 e
1450 2452 1466 2476 t
1497 2445 1611 2490 igne-5.

919 2502 946 2521 w
959 2502 1096 2523 =con
1111 2497 1300 2523 stanter
1322 2489 1442 2522 exibit.

966 2545 1018 2579 14.
1045 2547 1178 2590 GArg.b
1190 2547 1246 2579 Pl.
1259 2545 1292 2578 4.
1303 2560 1349 2573 =
1359 2546 1465 2578 indic
1475 2546 1490 2578 i
1499 2557 1519 2576 o
1548 2545 1611 2578 ob-

918 2592 1142 2626 servandum.
1191 2590 1261 2624 Gol.
1297 2595 1331 2629 -Ι-
1358 2590 1479 2623 iudico
1521 2601 1544 2622 n
1557 2603 1577 2623 o
1587 2601 1611 2622 n

918 2638 1184 2671 observandum.
1230 2649 1248 2669 r
1262 2640 1296 2674 ÷
1312 2636 1404 2682 quod
1424 2635 1610 2668 honestum

918 2696 937 2716 e
947 2695 964 2716 s
975 2692 1000 2716 ι.
1047 2682 1106 2715 Pl.
1116 2681 1241 2727 1³:101.)
1258 2685 1293 2720 4-
1309 2679 1402 2726 quod
1428 2679 1610 2714 honestum

918 2739 1075 2761 omnes
1097 2726 1362 2760 concedunt
1391 2725 1449 2758 ad
1472 2725 1609 2760 bean

917 2775 1026 2807 vive
1038 2785 1060 2806 η
1073 2774 1185 2806 dum.
1208 2774 1351 2805 Rursus
1370 2783 1437 2817 per
1459 2783 1510 2805 se.
1534 2783 1606 2804 w-

912 2832 975 2865 per
998 2833 1036 2854 se
1062 2829 1241 2852 rursus—
1254 2817 1447 2850 honestum.
