1742 3094
161 221 217 266 26
617 221 660 261 L.
693 221 889 261 ANNAEI
920 222 1150 262 SENECAE

157 335 218 375 lus
246 333 340 374 mihi
366 347 437 388 per
465 332 585 374 otium
614 333 698 374 dies
726 333 823 374 exit.
885 340 1033 389 partem
1062 334 1235 375 noctium
1261 334 1410 375 studiis*
1425 334 1597 376 uindico.

158 416 238 443 non
254 415 352 442 uaco
375 415 536 452 somno,
569 401 639 441 sed
659 401 870 442 succumbo
891 408 930 442 et
951 401 1085 442 oculos
1107 401 1241 456 uigilia
1260 401 1439 455 fatigatos
1459 403 1601 444 caden-

160 476 297 523 tesque
326 468 367 510 in
403 481 523 524 opere
553 468 724 509 detineo.
798 467 960 510 Secessi
987 484 1067 510 non
1107 476 1255 510 tantum
1284 469 1331 510 ab
1362 469 1597 521 hominibus,

124 547 142 577 2
160 537 230 578 sed
250 550 271 577 a
294 536 413 577 rebus
429 568 440 588 ‚
474 542 514 577 et
538 536 716 591 inprimis
743 550 765 576 a
790 536 910 577 rebus
935 537 1049 578 meis.
1109 535 1365 578 Posterorum
1403 537 1601 592 negotium
1643 569 1655 580 .

157 618 257 660 ago:
299 603 376 645 illis
405 603 554 658 aliqua,
601 617 699 658 quae
734 603 886 659 possint
915 604 1129 659 prodesse,
1173 604 1395 646 conscribo.
1458 604 1601 645 saluta-

157 686 223 714 res
246 671 531 713 admonitiones
545 703 556 723 ‚
588 671 697 712 uelut
719 671 1090 712 medicamentorum
1115 672 1266 713 utilium
1289 671 1597 727 conpositiones,

156 740 282 781 literis
316 739 483 790 mando,
531 753 622 780 esse
658 738 744 779 illas
785 739 960 780 efficaces
998 739 1038 780 in
1079 739 1177 780 meis
1217 739 1414 780 ulceribus
1458 750 1601 794 exper-

156 815 220 848 tus
234 839 245 859 ‚
293 820 392 861 quae
406 838 416 858 ‚
465 806 618 847 etiamsi
659 813 865 861 persanata
905 820 986 847 non
1023 813 1136 858 sunt,
1187 819 1348 862 serpere
1382 806 1598 847 desierunt.

156 874 326 915 Rectum
357 873 457 925 iter,
492 874 594 927 quod
618 886 710 914 sero
737 873 906 927 cognoui
933 880 974 914 et
995 873 1124 915 lassus
1148 874 1341 924 errando,
1372 873 1460 914 aliis
1491 862 1602 914 mon—

157 949 256 983 stro.
318 938 482 982 Clamo:
528 939 660 982 Uitate
690 953 955 995 quaecumque
988 941 1106 995 uolgo
1136 941 1310 996 placent,
1355 954 1602 995 quae.casus

157 1009 356 1050 adtribuit.
403 1009 451 1049 ad
475 1022 590 1049 omne
615 1007 816 1049 fortuitum
838 1007 983 1048 bonum
1011 1008 1218 1063 suspiciosi
1245 1008 1449 1063 pauidique
1475 1008 1602 1049 subsi-

125 1087 141 1112 3
160 1077 266 1119 stite.
327 1076 382 1117 Et
401 1077 484 1116 fera
504 1082 543 1116 et
561 1075 680 1130 piscis
706 1088 774 1130 spe
791 1075 919 1130 aliqua
938 1075 1156 1116 oblectante
1180 1075 1384 1131 decipitur.
1431 1073 1603 1116 Munera

158 1145 234 1186 ista
260 1146 440 1185 fortunae
466 1142 639 1198 putatis?
679 1142 844 1182 insidiae
876 1149 981 1183 sunt.
1044 1141 1233 1197 Quisquis
1270 1150 1448 1184 nostrum
1481 1149 1602 1183 tutam

157 1226 276 1268 agere
301 1212 421 1252 uitam
439 1210 567 1262 uolet,
601 1216 784 1264 quantum
806 1209 1011 1264 plurimum
1030 1216 1181 1266 potest,
1214 1210 1290 1251 ista
1311 1210 1462 1251 uiscata
1482 1210 1602 1250 bene-

158 1281 245 1321 ficia
271 1279 432 1320 deuitct.
493 1277 535 1318 in
558 1277 697 1332 quibus
720 1277 793 1318 hoc
822 1273 975 1332 quoque
1000 1277 1212 1319 miserrimi
1235 1278 1424 1319 fallimur:
1458 1278 1602 1318 habere

158 1362 231 1389 nos
267 1353 445 1402 putamus
461 1377 472 1397 ‚
516 1345 739 1386 haeremus.
801 1342 849 1385 In
881 1345 1108 1400 praecipitia
1136 1359 1276 1387 cursus
1315 1345 1392 1386 iste
1431 1345 1600 1386 deducit.

198 1468 342 1506 partem
384 1457 548 1490 noctium.
607 1468 628 1501 γ
657 1462 691 1495 -4-
746 1465 860 1489 artem

949 1457 1149 1502 suspiciosi.
1197 1456 1317 1500 scalig.
1355 1456 1391 1489 in
1430 1456 1602 1500 Castigatt.

158 1518 210 1539 en
222 1518 235 1538 ι
248 1517 282 1538 m
313 1504 476 1537 noctium.
519 1503 550 1534 G
575 1504 623 1542 ζιο
646 1503 672 1535 P
686 1501 716 1534 1.
730 1501 763 1534 2.
776 1500 809 1535 3.
823 1498 856 1534 4.
985 1501 992 1509 ‘

903 1502 931 1533 F
933 1508 995 1534 est1
1007 1518 1052 1530 =
1067 1501 1262 1535 subsidio-ti
1279 1513 1319 1534 ex
1338 1501 1413 1534 cod.
1438 1502 1512 1534 Nic.
1536 1502 1604 1534 Fa-

160 1553 220 1596 (cr.
239 1563 272 1581 cx>
295 1549 330 1581 in
351 1547 560 1592 quibusdam)
580 1547 633 1579 ed.
650 1547 799 1580 Tauchn.
813 1561 857 1574 =

155 1604 266 1643 part
281 1606 329 1627 es
352 1606 387 1626 n.

203 1641 268 1674 sed
289 1651 310 1671 a
334 1638 451 1679 rebus,
472 1645 508 1670 et
531 1637 698 1682 inprimis
718 1649 742 1669 a
755 1636 858 1669 rebus

159 1688 257 1720 meis.
299 1685 328 1717 R
355 1682 400 1727 (ιξ
418 1683 460 1715 al.
485 1682 543 1725 m.)
566 1683 659 1717 θῖ-
679 1683 713 1717 Ε
731 1686 766 1720 -l-
793 1681 858 1714 sed

159 1733 317 1765 etiam.
351 1729 485 1763 Rffl—
507 1729 542 1763 ἓ
565 1743 610 1755 =
629 1728 796 1772 primum.
827 1727 857 1759 R

158 1779 259 1812 Sm—
279 1776 371 1810 Ξ-
391 1772 506 1806 rebus.
553 1773 674 1805 Rom.
703 1771 804 1804 etiam
834 1784 859 1804 a

158 1829 236 1854 ante
259 1819 373 1853 rebus.
415 1818 585 1862 Scriptura
607 1829 626 1850 a
647 1828 701 1849 me
723 1823 858 1860 recepta

159 1874 210 1900 est
238 1866 272 1898 in
299 1876 378 1896 mss.
404 1875 473 1895 non
502 1862 585 1895 meis
613 1868 767 1906 tantum,
797 1861 859 1895 sed

159 1911 260 1945 etiam
283 1910 349 1942 Sbc
370 1908 503 1941 Pr.abd.

203 1956 238 1989 2.
276 1967 287 1989 ι
305 1969 350 1983 =
375 1954 548 1999 negotia
571 1963 653 1998 ago.

206 2000 303 2034 Arx
322 2015 367 2027 =
388 2006 594 2045 possunt
613 1997 719 2043 prod.

205 2044 388 2080 conscribo
407 2046 485 2086 Arg.
497 2043 530 2076 b.
552 2058 597 2071 =
618 2055 670 2075 cu
681 2055 716 2075 m
735 2041 860 2075 scribo.

160 2093 220 2125 EV
234 2093 268 2126 (5
288 2105 333 2118 =
354 2087 480 2122 scribo.

206 2138 237 2168 A
251 2140 286 2173 4-
314 2134 497 2167 salutares
519 2145 539 2165 r
551 2145 570 2165 e
581 2144 600 2165 s
623 2144 642 2164 e
653 2140 668 2164 t
692 2131 860 2164 admoni-

160 2182 286 2214 tiones.

204 2226 236 2258 V
248 2241 292 2253 =
316 2222 600 2256 medicaminum.

205 2269 394 2303 ulceribus.
426 2270 525 2300 Sc=
538 2265 755 2299 vulneribus.
781 2268 858 2308 Arg.

162 2317 182 2350 b
194 2331 239 2344 =
261 2313 470 2348 visceribus.

207 2359 362 2393 etiamsi.
397 2359 433 2393 {R
454 2376 501 2382 --·
529 2358 606 2394 &10
627 2371 671 2384 =
694 2368 714 2388 e
726 2364 740 2388 t
754 2367 772 2388 s
784 2356 807 2388 i.

206 2407 231 2438 P
241 2424 287 2430 —
295 2411 506 2450 persanata.
533 2403 565 2434 G
572 2417 616 2430 =
629 2413 693 2447 per
702 2414 720 2434 s
730 2412 750 2432 o
758 2409 857 2434 nata.

165 2481 167 2483 .
208 2451 269 2483 GR
292 2452 350 2495 βεο
369 2449 404 2484 {R
417 2464 462 2476 =
485 2447 596 2493 laps
608 2458 660 2478 us
693 2447 860 2479 errando.

207 2503 375 2528 monstro.
402 2495 432 2526 G
444 2509 489 2522 =
509 2493 686 2526 ministro.

206 2553 222 2574 v
235 2556 279 2568 =
298 2540 441 2573 Clamo:
469 2537 555 2571 νίια.
588 2539 667 2580 Arg.
681 2537 702 2569 b
714 2552 758 2564 =
774 2537 861 2569 cla-

163 2586 338 2620 mositate.
363 2584 392 2621 ’ὅ
402 2584 438 2619 {R
449 2601 495 2608 —-
506 2584 535 2618 ὗ
550 2587 581 2621 1.
592 2598 637 2611 =
655 2582 779 2614 Clamo
795 2584 860 2614 νί-

162 2640 178 2666 t
188 2644 212 2664 a
221 2644 240 2663 r
250 2643 279 2665 a·

207 2685 443 2721 quaecumque
468 2672 581 2718 volgo.
618 2673 681 2705 AG
699 2690 746 2697 —
762 2684 861 2704 cum-

163 2732 240 2768 que.
262 2721 356 2755 {R-
373 2721 405 2754 z
422 2724 455 2757 4-
481 2729 715 2762 quaecumque
736 2729 757 2762 q
768 2729 861 2750 uae.

209 2777 300 2811 quae
320 2776 437 2798 casus.
475 2765 561 2799 21=
582 2774 865 2808 quaecunque

165 2821 281 2845 casus,

212 2856 301 2889 G=
322 2853 448 2888 tribuit
467 2865 539 2887 sev.

903 1547 966 1579 bri.
981 1584 985 1588 ᾗ
1008 1547 1071 1582 1·ῦῖ
1090 1564 1137 1571 -·
1155 1548 1187 1582 >B
1199 1563 1245 1575 =
1268 1547 1424 1593 suspicio
1435 1559 1486 1580 su
1497 1560 1515 1580 s
1533 1559 1604 1592 pa-

904 1593 975 1625 vid
984 1604 1007 1623 u
1017 1604 1035 1624 s
1044 1604 1110 1637 que
1134 1591 1258 1625 subsis
1267 1600 1282 1624 ι
1292 1605 1322 1624 e.

949 1651 984 1684 3.
1020 1648 1042 1680 b
1060 1662 1105 1676 =
1129 1656 1163 1680 ec
1183 1649 1331 1693 pisces.

948 1694 1105 1725 Munera
1123 1693 1210 1726 ista.
1249 1695 1302 1726 rB
1324 1695 1382 1739 αβι
1398 1698 1431 1732 -ὖ-
1452 1693 1506 1726 M.
1531 1695 1605 1726 ista

902 1750 1035 1783 quaa

949 1783 1011 1816 AG
1030 1782 1168 1827 (cho)
1189 1802 1236 1808 —
1245 1783 1433 1829 fortunae.

950 1839 1118 1884 Quisquis
1141 1848 1311 1872 nostrum.
1337 1841 1415 1883 Ops.
1434 1839 1526 1871 Pinc.
1540 1839 1562 1871 b
1576 1841 1603 1873 ’Κ

905 1886 940 1920 ἕ
955 1900 999 1913 =
1013 1887 1053 1927 Q.
1079 1893 1246 1918 vestrum.
1281 1886 1344 1917 Sw.
1368 1884 1412 1917 ad
1430 1895 1603 1916 commen-

846 1961 848 1963 ,
904 1929 1049 1962 dandam
1069 1930 1156 1963 hanc
1174 1929 1372 1974 scripturam
1390 1929 1505 1962 laudat
1526 1941 1601 1961 mss.

904 1974 1019 2007 nescio
1041 1986 1135 2018 quos.
1183 1974 1280 2007 Certe
1302 1973 1413 2006 Oberl.
1434 1973 1470 2006 in
1489 1976 1568 2018 Arg.
1581 1974 1603 2006 b

905 2031 974 2052 non
996 2019 1080 2063 legit
1103 2028 1269 2052 vestrum.

951 2066 1030 2108 Arg.
1052 2065 1074 2096 b
1090 2079 1134 2092 =
1155 2077 1266 2109 agere
1287 2063 1459 2096 volens
1485 2064 1603 2097 vitam.

907 2111 933 2141 B
950 2114 984 2148 «1-
1002 2122 1113 2154 agere
1131 2116 1146 2141 t
1158 2118 1284 2141 utam
1309 2109 1433 2140 vitam.

954 2156 991 2186 in
1014 2153 1140 2198 quibus
1161 2154 1236 2186 hoc.
1276 2154 1305 2186 ’Χ
1322 2168 1367 2181 =
1389 2154 1430 2185 in
1451 2165 1482 2198 q.
1507 2164 1562 2190 n,0
1573 2166 1602 2186 s.

909 2199 968 2231 GR
987 2218 1029 2223 —
1051 2199 1126 2230 hoc.
1162 2200 1188 2231 B
1211 2199 1312 2244 αβγζι
1335 2202 1370 2236 -l-
1398 2210 1452 2230 ex
1481 2198 1557 2231 hoc.

951 2255 969 2276 r
981 2258 1026 2272 =
1049 2244 1185 2276 miseri.
1218 2244 1286 2278 333:
1305 2258 1351 2272 =
1374 2243 1462 2275 mise
1473 2255 1491 2275 r
1501 2256 1525 2275 u
1536 2256 1580 2276 m.

952 2299 1084 2333 habere
1105 2311 1181 2332 nos.
1229 2299 1263 2334 θὶ
1280 2317 1328 2324 -
1345 2301 1390 2334 ⁵111
1416 2304 1451 2338 -Ι-
1479 2299 1604 2343 quod

908 2344 989 2378 hab.
1013 2356 1089 2378 nos.
1126 2345 1192 2388 αγζ
1207 2348 1241 2382 -Ι-
1267 2345 1378 2390 quia
1400 2344 1502 2377 dum
1521 2344 1603 2377 hab.

908 2401 983 2423 nos.
1024 2394 1111 2429 eu-l-
1137 2390 1254 2435 quia
1278 2401 1401 2435 quae
1425 2389 1510 2422 lun.
1532 2388 1604 2422 1³3.

911 2440 946 2474 -ff—
973 2435 1092 2481 quod
1118 2435 1220 2468 dum
1241 2434 1274 2467 Ιι.
1295 2446 1330 2468 n.
1359 2434 1419 2466 sed
1438 2434 1523 2467 duae
1543 2434 1606 2467 hae

907 2492 1004 2514 voces
1027 2491 1139 2513 erasae
1160 2487 1247 2512 sunt.

953 2525 1094 2558 habere.
1134 2528 1222 2559 T=
1244 2524 1355 2558 abire.

954 2582 1140 2615 haeremus
1148 2582 1378 2615 ==PAGRTE
1389 2593 1427 2624 ρρ
1439 2582 1602 2625 (exuam)

908 2627 953 2660 Sb
966 2628 1049 2660 Pr.a
1063 2628 1111 2671 (b)
1126 2627 1148 2660 d
1164 2629 1222 2660 Gr.
1235 2627 1375 2663 {Ji—(s.
1425 2636 1463 2659 ευ
1478 2629 1513 2663 4-
1530 2624 1606 2658 his

909 2673 1106 2706 haeremus.
1148 2675 1214 2717 αγζ
1232 2672 1322 2705 Pinc-
1347 2682 1379 2703 ν.
1390 2670 1412 2702 l.
1452 2670 1482 2704 1
1503 2669 1548 2704 {m
1562 2689 1604 2694 —

909 2718 954 2753 ⁵212
966 2734 1011 2747 =
1024 2717 1204 2752 habemur.
1230 2729 1249 2749 r
1258 2731 1302 2746 =
1315 2727 1360 2749 ac
1370 2726 1498 2749 remur.
1522 2716 1548 2747 B
1561 2729 1604 2743 =

911 2771 946 2796 et
969 2763 1147 2797 babemus.
1202 2764 1366 2796 Haerere
1385 2767 1455 2793 mm
1476 2761 1605 2793 Graeco

911 2807 1053 2853 ἔχεσθαι
1091 2807 1294 2853 respondere
1335 2817 1433 2850 quam
1458 2806 1605 2839 viscatis
1619 2844 1623 2848 Δ

911 2853 1095 2899 beneficiis
1113 2855 1176 2887 ὃν.
1200 2852 1311 2886 docet.
