1742 3094
222 168 305 212 354
679 168 721 236 L,
753 167 949 208 ANNAEI
981 168 1211 209 SENECAE

224 288 316 337 gat:
350 282 420 322 has
437 280 611 336 quisquis
630 281 806 336 sequitur
822 287 862 321 et
878 281 979 322 bene
996 281 1188 336 intellegit
1205 281 1334 322 omnia
1353 281 1538 323 sensuum
1554 281 1660 323 blan-

174 367 210 396 ῃ
227 349 398 391 dimenta
418 348 644 390 contemnit.
707 346 743 390 0
768 349 964 390 infelicem
985 350 1169 405 aegrum!
1205 349 1367 404 Quare?
1396 350 1484 404 quia
1503 363 1583 390 nou
1604 349 1662 390 ui-

225 431 277 459 no
299 418 430 459 niuem
466 416 588 458 diluit.
645 417 734 472 quia
758 431 837 458 non
861 416 1034 472 rigorem
1064 417 1233 477 potionis
1260 431 1355 458 suae
1393 431 1508 472 quam
1529 417 1660 473 capaci

225 485 373 542 scypho
398 485 555 526 miscuit
574 491 743 526 renouat
767 485 889 526 fracta
921 484 1083 540 insuper
1111 485 1251 540 glacie.
1308 486 1399 540 quia
1424 500 1503 527 non
1522 492 1663 527 ostrea

226 554 281 596 illi
303 551 478 594 Lucrina
503 553 544 593 in
568 553 654 608 ipsa
674 565 810 594 mensa
833 553 1075 608 aperiuntur.
1119 553 1209 608 quia
1231 567 1310 594 non
1331 553 1436 594 circa
1465 553 1664 594 coenatio-

226 635 316 663 nem
339 621 424 663 eius
444 621 630 661 tumultus
650 634 863 675 coquorum
889 627 950 661 est
969 620 1077 676 ipsos
1101 634 1187 661 cum
1210 620 1384 662 obsoniis
1405 621 1514 662 focos
1537 628 1664 661 trans·-

197 715 201 718 -
226 689 451 730 ferentium.
512 686 600 728 Hoc
623 687 726 728 enim
747 687 824 728 iam
844 687 1001 728 luxuria
1022 694 1241 729 commenta
1264 695 1346 730 est:
1377 702 1427 729 ne
1449 688 1535 743 quis
1564 688 1663 729 inte-

226 762 362 812 pescat
380 755 489 796 cibus
502 786 514 806 ,
547 768 597 797 ne
619 754 709 809 quid
730 755 858 810 palato
881 755 958 796 iam
980 755 1125 797 calloso
1146 769 1283 810 parum
1305 756 1471 806 ferueat,
1502 769 1665 797 coenam

177 840 211 868 23
229 824 359 866 culina
381 823 644 879 prosequitur.
707 819 743 864 Ο
765 823 959 864 infelicem
980 823 1165 878 aegrum!
1197 822 1302 864 Edet
1320 830 1503 879 quantum
1522 836 1664 864 conco-

228 898 334 947 quat.
380 905 459 933 non
483 890 626 932 iacebit
650 890 690 931 in
715 898 927 946 conspectu
949 905 1044 947 aper
1067 898 1111 932 ut
1132 891 1221 932 uilis
1245 906 1338 933 caro
1363 905 1385 933 a
1407 904 1544 932 mensa
1561 890 1664 931 relc÷

228 966 357 1015 gatus.
400 973 472 1000 nec
494 958 535 999 in
559 958 794 1013 repositorio
817 959 901 1000 eius
927 966 1087 1015 pectora
1110 960 1238 1000 auium
1261 960 1382 1014 (totas
1405 958 1508 999 enim
1530 957 1664 999 uidere

229 1027 423 1068 fastidium
454 1021 532 1081 est)
568 1033 753 1081 congesta
785 1033 994 1081 ponentur.
1058 1025 1162 1081 Quid
1189 1027 1257 1067 tibi
1287 1026 1377 1067 mali
1406 1027 1549 1067 factum
1573 1026 1663 1066 est?

228 1094 412 1136 coenabis
431 1101 625 1148 tamquam
645 1107 780 1148 aeger,
812 1094 929 1135 immo
950 1094 1156 1149 aliquando
1175 1101 1368 1149 tamquam
1387 1107 1521 1135 sanus.
1584 1090 1663 1134 Sed

227 1162 361 1204 omnia
381 1161 460 1203 ista
488 1161 602 1202 facile
634 1162 903 1216 perferemus,
948 1162 1225 1213 sorbitionem,
1267 1175 1406 1216 aquam
1439 1160 1602 1202 calidam
1624 1166 1664 1201 et

228 1229 410 1285 quicquid
430 1229 533 1270 aliud
555 1229 801 1269 intolerabile
817 1229 971 1270 uidetur
989 1229 1165 1270 delicatis
1185 1236 1225 1270 et
1241 1229 1338 1270 luxu
1358 1228 1566 1270 fluentibus
1580 1241 1663 1268 ma-

228 1297 365 1353 gisque
386 1296 516 1337 animo
538 1310 651 1351 quam
675 1310 841 1352 corpore
858 1296 1071 1338 morbidis:
1096 1303 1242 1338 tautum
1265 1294 1430 1338 mortem
1443 1295 1664 1337 desinamus

177 1376 211 1405 24
229 1365 408 1406 horrere.
441 1362 681 1405 Desinemus
701 1371 847 1415 autem,
875 1364 910 1405 si
924 1365 1022 1406 fines
1038 1364 1230 1406 bonorum
1243 1378 1288 1405 ac
1309 1363 1500 1405 malorum
1519 1370 1664 1418 cogno-

227 1432 400 1475 uerimus
411 1449 423 1473 -:
448 1432 503 1473 ita
519 1432 671 1473 demum
691 1446 764 1473 nec
781 1432 862 1473 uita
880 1433 1006 1474 taedio
1022 1433 1099 1474 erit
1114 1446 1186 1473 nec
1203 1446 1308 1473 mors
1326 1431 1472 1473 timori.
1531 1429 1662 1472 Uitam

227 1501 329 1542 enim
349 1513 542 1555 occupare
562 1499 725 1540 satietas
745 1499 806 1540 sui
829 1514 908 1540 non
929 1507 1059 1555 potest
1082 1507 1138 1541 tot
1153 1513 1220 1541 res
1236 1500 1384 1551 uarias,
1404 1512 1582 1554 magnas,
1605 1497 1662 1538 dia

225 1568 337 1609 ninas
350 1573 648 1623 percensentem
663 1583 672 1607 =
691 1567 731 1606 in
748 1567 876 1607 odium
891 1567 994 1608 illam
1010 1568 1071 1608 sui
1083 1568 1276 1608 adducere
1291 1567 1508 1608 soletiners
1523 1566 1657 1607 otium.

224 1635 376 1677 Rerum
396 1641 574 1676 naturam
596 1633 823 1689 peragranti
845 1648 1053 1689 numquam
1073 1635 1114 1675 in
1136 1635 1332 1675 fastidium
1349 1634 1494 1674 ueritas
1511 1632 1658 1673 ueniet:

226 1704 323 1745 falsa
343 1702 554 1744 satiabunt.
598 1700 756 1743 Rursus
778 1701 812 1742 si
832 1716 939 1742 mors
964 1702 1114 1743 accedit
1138 1708 1177 1743 et
1197 1708 1326 1753 uocat,
1359 1701 1451 1742 lieet
1468 1700 1661 1741 inmatura

224 1771 300 1823 sit,
343 1770 436 1811 licet
459 1769 626 1811 mediam
650 1768 850 1825 praecidat
872 1776 1038 1811 aetatem
1053 1801 1065 1821 ,
1106 1776 1313 1826 perceptus
1335 1767 1561 1823 longissime
1580 1768 1660 1807 fru-

262 1860 293 1892 G
303 1875 349 1888 ==
362 1871 476 1892 sensu
488 1870 521 1891 m
535 1858 788 1893 blandimenta.
813 1870 844 1891 w
855 1870 918 1891 an-
1008 1858 1066 1893 23.
1112 1871 1130 1891 r
1141 1873 1187 1887 =
1200 1859 1245 1891 ed
1257 1867 1306 1891 at
1329 1865 1507 1903 quantum.
1576 1869 1658 1889 w=

222 1906 305 1950 tiqq.
319 1917 356 1949 ρρ
366 1920 412 1934 Ξ
422 1916 505 1938 sens
514 1905 529 1936 i
538 1916 571 1936 m
593 1904 637 1937 bl.
673 1905 918 1939 θί-ῈΞεεη-
964 1916 1049 1938 conc
1060 1917 1079 1937 o
1090 1918 1109 1936 c
1120 1913 1170 1937 αι.
1206 1905 1242 1939 {R
1252 1923 1293 1928 —
1308 1905 1341 1939 8
1351 1919 1398 1932 Ξ
1413 1915 1432 1935 c
1442 1911 1566 1948 oquae.
1626 1901 1658 1934 G

222 1953 265 1984 si
276 1963 324 1983 ve
346 1951 391 1984 bl.
427 1961 609 1984 mv=sens
619 1950 676 1982 im
700 1957 715 1982 t
726 1962 746 1982 ο
757 1962 776 1981 r
788 1959 916 1983 menta.
966 1950 1054 1995 (sm)
1077 1949 1180 1993 Arg-b
1200 1950 1229 1985 2(
1246 1964 1293 1978 =
1311 1962 1336 1981 a
1354 1960 1476 1981 mensa
1498 1949 1575 1981 reli
1584 1958 1656 1993 ga-

265 1994 322 2028 22.
357 2008 374 2028 r
397 2000 432 2036 -4-
461 1998 490 2027 Ο
524 1995 694 2040 inquid
725 1994 916 2037 infelicem.
962 2004 1031 2029 tus.
1057 1998 1298 2030 m8=ansa
1320 1995 1541 2040 religatus.
1599 1993 1656 2025 ΕΒ

222 2042 252 2074 V
270 2056 317 2069 =
335 2043 393 2074 Ae
412 2040 606 2087 infelicem.
652 2039 769 2083 lusco)
794 2040 914 2085 (ἔμω)
962 2041 1089 2085 antiqq.
1112 2052 1150 2084 ρρ
1172 2055 1217 2069 =
1238 2041 1278 2072 in
1309 2040 1552 2085 repositoria.
1624 2038 1655 2069 G

221 2100 268 2115 =
288 2089 318 2118 Ο
329 2085 362 2131 f
365 2099 385 2119 e
396 2087 527 2119 licem.
595 2086 630 2119 {R
642 2104 683 2109 —
695 2087 727 2120 Ξ
742 2100 788 2113 Ξ
803 2098 915 2131 capa-
962 2089 1050 2119 coni
1060 2099 1106 2118 ec
1115 2094 1154 2118 ta
1172 2093 1358 2131 ponentur.
1391 2096 1474 2116 w=
1486 2084 1654 2128 aliquan-

221 2143 241 2161 ο
251 2143 313 2163 em
342 2131 487 2176 sqyplw.
536 2132 556 2173 β
577 2144 621 2158 Ξ
644 2131 771 2174 capaci
799 2131 871 2162 cib
882 2142 913 2163 o.
961 2132 1008 2163 do
1028 2143 1052 2163 u
1062 2139 1076 2162 ι
1098 2142 1218 2163 sanus.
1277 2128 1486 2173 G=fiicile
1502 2127 1654 2173 prese-

267 2187 283 2206 r
302 2179 336 2213 4-
363 2187 386 2207 n
397 2188 415 2207 e
426 2187 445 2207 c
468 2182 618 2206 renovat
628 2173 770 2218 fracta.
818 2175 848 2208 Θ
869 2189 915 2203 Ξ
960 2187 1088 2208 remus.
1156 2175 1206 2206 sG
1228 2189 1274 2202 =
1290 2185 1315 2218 p
1326 2186 1374 2206 ro
1374 2173 1549 2218 feremus.
1618 2173 1654 2207 ῧί

211 2218 354 2264 facta
384 2221 540 2264 insuper.
598 2219 915 2253 B=sacrata
959 2221 1058 2255 -8
1085 2224 1120 2258 -ξ-
1149 2228 1191 2252 et
1219 2231 1347 2265 aquam
1369 2219 1537 2251 calidam.

221 2266 376 2310 insuper.
425 2263 562 2308 Gnnoe)
574 2278 620 2292 =
631 2265 671 2296 in
689 2263 814 2309 super]
824 2265 914 2297 ieie
1002 2284 1048 2319 24
1086 2287 1116 2319 G
1129 2302 1175 2307 .-
1261 2295 1277 2319 t
1359 2287 1375 2319 l
1549 2287 1596 2318 Ar
1629 2284 1652 2317 b

218 2311 350 2356 glacie.
408 2309 526 2352 Gfisw)
541 2310 628 2344 ΒΞ
642 2317 760 2341 ostrea
778 2309 838 2342 illi
855 2310 913 2341 lu-
1050 2311 1058 2318 “
1129 2310 1175 2315 -“
1195 2299 1250 2319 ‘³¹¹
1298 2298 1356 2319 ma
1374 2297 1482 2319 ⁰'um'
1596 2296 1628 2328 3⁰

218 2367 375 2388 cerna.
420 2355 555 2389 θὶ-Σῧ
576 2369 621 2382 Ξ
641 2354 813 2386 [activa.
883 2356 913 2390 21

220 2415 265 2428 Ξ
289 2402 387 2433 circa
420 2411 439 2432 r
450 2412 468 2431 e
478 2411 500 2431 n
513 2410 533 2431 ο
545 2411 566 2431 ν
576 2412 598 2432 α
609 2400 750 2432 tionem.
820 2399 849 2431 R
867 2417 914 2424 —

228 2447 234 2453 -
526 2445 532 2451 ·
668 2459 710 2464 —
846 2445 852 2451 ·
957 2435 977 2456 c
988 2436 1008 2455 e
1018 2423 1168 2457 dentem.
1227 2425 1247 2468 β
1267 2438 1313 2451 Ξ
1333 2422 1480 2455 divinas
1511 2434 1538 2467 p
1547 2433 1599 2454 ra
1611 2435 1650 2453 e-

219 2458 293 2480 lam
315 2451 392 2478 ante
412 2444 567 2478 luxuna.
612 2446 656 2488 γδ
667 2466 711 2472 —
722 2444 827 2476 luxur
837 2456 850 2476 1
859 2456 884 2476 a
895 2456 914 2476 e
956 2477 972 2502 t
980 2469 996 2501 l.
1006 2480 1024 2501 S
1035 2477 1168 2501 semem
1422 2467 1429 2474 .
1437 2475 1452 2500 t
1527 2475 1543 2500 ι

219 2498 467 2525 commentum
498 2497 562 2522 est.
652 2502 736 2521 r=
759 2501 804 2521 ne
832 2491 913 2534 quis
1195 2479 1426 2514 Praec⁰g¹
1460 2478 1517 2499 ‘²⁷²
1553 2478 1626 2499 ‘m‘

219 2545 236 2569 ς
245 2549 267 2570 α
277 2548 311 2569 m
339 2548 359 2569 ο
368 2548 388 2568 0
397 2542 589 2581 „gepae-03,
642 2545 672 2566 w
680 2534 782 2578 ArgJ,
806 2539 839 2574 4.
868 2547 913 2567 ne
1000 2525 1030 2558 R
1039 2539 1086 2553 =
1097 2536 1120 2557 n
1131 2536 1150 2557 ο
1158 2536 1182 2556 n
1191 2536 1377 2569 numquam
1388 2524 1428 2556 in
1438 2521 1648 2567 fastidium.

219 2583 301 2627 quis
322 2582 369 2615 ia
378 2592 412 2614 m
429 2581 540 2626 imep.
585 2580 615 2616 ‘X
625 2595 671 2607 =
682 2593 704 2612 u
714 2589 728 2612 ι
751 2581 832 2625 quis
851 2581 911 2613 in-
1001 2582 1109 2613 PGwr
1117 2596 1163 2610 =
1174 2579 1387 2614 saciabuntu
1397 2591 1428 2612 r.
1492 2579 1518 2610 P
1527 2593 1572 2606 =
1582 2590 1601 2611 s
1610 2579 1647 2610 it

219 2636 288 2672 tep.
357 2628 401 2669 γδ
411 2625 590 2672 ==palato
608 2625 685 2658 iam
706 2637 763 2670 gu
775 2625 791 2657 l
798 2637 817 2658 o
826 2637 844 2658 s
855 2637 886 2658 o.
956 2633 1121 2672 tempore.
1167 2638 1184 2661 ν
1198 2641 1244 2655 ==
1256 2626 1325 2658 scit
1338 2633 1481 2669 tempor
1491 2634 1517 2655 a
1535 2624 1647 2656 hone-

263 2672 323 2704 PG
345 2671 471 2715 antiqq.
492 2682 530 2715 ρρ
563 2681 677 2703 omnes
706 2676 741 2702 et
761 2670 911 2714 plerique
956 2683 975 2703 s
985 2680 1000 2704 ι
1009 2673 1024 2703 ι’
1048 2682 1118 2703 non
1141 2683 1308 2704 crescere.
1354 2670 1380 2701 B
1390 2686 1437 2693 —-
1445 2679 1614 2703 crescere.

216 2727 304 2750 recc-
319 2731 364 2744 =
403 2728 506 2750 arum
519 2715 635 2762 fuer
645 2728 669 2748 a
680 2723 704 2747 t.
750 2716 853 2759 Arg.b
865 2730 911 2745 Ξ
1000 2728 1071 2749 r-
1080 2725 1114 2749 et
1134 2722 1213 2749 ante
1225 2723 1338 2748 vocat.
1393 2713 1530 2758 (ἥψω)
1543 2729 1588 2742 =
1598 2714 1613 2746 i
1622 2725 1646 2745 n

212 2774 343 2808 parum
390 2773 412 2795 u
424 2774 443 2795 e
453 2763 496 2795 ri
506 2770 533 2796 t.
577 2761 710 2797 m--ss
728 2775 773 2789 Ξ
790 2761 911 2795 culina
957 2773 1013 2795 na
1022 2769 1068 2794 tu
1077 2773 1128 2795 ra
1160 2762 1244 2794 licet
1264 2761 1325 2793 cie.
1371 2759 1476 2802 Arg.b
1493 2774 1540 2788 =
1560 2760 1644 2792 licet

217 2808 412 2853 sequitur.
957 2818 1044 2840 non
1066 2814 1240 2840 natura
1265 2806 1324 2839 sit.

958 2347 1004 2361 =
1028 2340 1071 2364 et
1106 2344 1194 2364 non
1226 2333 1313 2364 vita.
1395 2344 1413 2364 ι·
1433 2346 1480 2359 Ξ
1499 2342 1653 2377 magnas

959 2378 1180 2411 divicias.
1230 2377 1484 2411 a=divinas
1510 2388 1651 2422 prae-
