1742 3094
162 190 249 235 300

618 187 662 227 L.
691 187 888 227 ΑΝΝΑΕΙ
920 188 1148 228 SENECAE

166 318 244 346 non
273 302 476 353 minuunt,
522 300 556 342 si
589 307 722 342 manet
756 300 870 342 etiam
908 301 1143 342 comminuto
1181 315 1346 356 corpore
1378 301 1599 343 incolumis.

165 370 305 414 Manet
333 377 489 412 autem:
535 369 724 410 uirtutem
752 369 853 410 enim
878 369 1063 424 intellego
1089 366 1362 411 animosamet
1384 370 1600 422 excelsam,

166 454 281 496 quam
310 438 448 480 incitat
470 437 650 493 quicquid
680 437 854 478 infestat.

915 436 1032 478 Hunc
1062 436 1231 478 animum
1257 451 1370 493 quem
1400 451 1517 494 saepe
1542 438 1602 479 in-

167 509 290 550 duunt
320 520 539 563 generosae
566 505 707 546 indolis
731 505 895 546 iuuenes
923 519 1020 559 quos
1045 505 1206 546 alieuius
1230 505 1417 547 honestae
1438 505 1498 547 rei
1521 506 1604 562 pul-

167 576 344 618 chritudo
369 574 588 631 percussit,
633 580 677 614 ut
698 572 828 613 omnia
850 572 1010 613 fortuita
1037 580 1311 625 contemnant,
1342 575 1519 630 profecto
1542 587 1604 615 sa-

170 644 315 700 pientia
345 643 522 684 infundet
552 648 592 682 et
614 642 768 682 tradet:
800 640 1050 696 persuadebit
1078 655 1197 682 unum
1223 641 1366 683 bonum
1391 656 1480 683 esse
1502 641 1606 697 quod

118 725 151 753 19
170 713 374 754 honestum
391 729 400 752 ε
440 710 514 751 hoc
534 723 608 750 nec
629 708 775 750 remitti
795 721 870 749 nec
894 708 1044 749 intendi
1064 722 1180 763 posse
1193 740 1204 760 ,
1247 724 1326 750 non
1349 710 1472 765 magis
1492 723 1607 765 quam

166 781 343 836 regulam
364 793 438 834 qua
460 783 611 818 rectum
637 776 794 832 probari
815 776 917 817 solet
937 776 1087 817 flectes.

1150 775 1343 832 Quicquid
1367 791 1420 819 ex
1437 777 1502 818 illa
1520 791 1605 818 mu-

167 847 313 890 taueris
334 846 478 888 iniuria
496 852 557 886 est
574 845 688 886 recti.
742 842 852 884 Idem
872 857 967 899 ergo
989 844 1036 885 de
1058 843 1203 885 uirtute
1225 844 1423 886 dicemus:
1452 852 1493 887 et
1510 845 1606 886 haec

166 923 279 958 recta
298 922 383 967 est,
429 915 619 955 flexuram
645 927 724 953 non
748 912 912 967 recipit:
954 911 1115 967 rigidari
1141 912 1319 967 quidem,
1363 913 1526 969 amplius
1547 912 1606 954 in-

168 984 275 1026 tendi
293 998 372 1024 non
393 988 535 1039 potest.

597 980 708 1021 Haec
729 981 776 1021 de
797 980 975 1021 omnibus
993 980 1112 1021 rebus
1130 980 1290 1032 iudicat,
1323 981 1370 1022 de
1390 981 1461 1021 hac
1482 981 1602 1021 nulla.

169 1050 214 1094 Si
238 1051 386 1093 rectior
413 1050 497 1106 ipsa
528 1063 607 1090 non
634 1054 763 1104 potest
794 1047 878 1088 fieri
893 1079 904 1099 ‚
947 1061 1020 1088 nec
1046 1061 1144 1102 quae
1164 1048 1211 1088 ab
1241 1048 1306 1089 illa
1333 1049 1486 1104 quidem
1511 1049 1608 1090 fiunt

169 1120 247 1161 alia
276 1119 363 1160 aliis
402 1118 574 1159 rectiora
607 1123 721 1158 sunt:
770 1115 858 1156 huic
889 1115 992 1156 enim
1024 1129 1190 1157 necesse
1220 1123 1281 1157 est
1316 1117 1603 1172 respondeant:

120 1204 155 1231 20
172 1188 225 1229 ita
248 1187 354 1242 paria
382 1188 507 1227 sunt.
551 1183 656 1238 Quid
679 1184 800 1238 ergo?
840 1183 994 1238 inquis:
1037 1183 1170 1224 iacere
1190 1183 1231 1224 in
1258 1185 1442 1226 conuiuio
1463 1191 1503 1226 et
1526 1191 1607 1226 tor-

169 1255 280 1310 queri
310 1254 418 1309 paria
448 1253 563 1294 sunt?
621 1251 710 1292 Hoc
738 1251 877 1292 mirum
905 1251 1061 1292 uidetur
1084 1251 1183 1293 tibi?
1241 1250 1339 1293 Illud
1369 1253 1462 1294 licet
1482 1252 1608 1308 magis

169 1321 399 1364 admireris:
431 1321 563 1362 iacere
584 1319 625 1360 in
649 1318 830 1360 conuiuio
856 1318 997 1359 malum
1018 1326 1101 1371 est,
1132 1320 1307 1374 torqueri
1323 1320 1365 1362 in
1385 1321 1521 1362 eculeo
1539 1320 1609 1362 bo-

169 1405 262 1432 num
281 1397 363 1442 est,
397 1389 432 1431 si
453 1389 546 1430 illud
568 1387 735 1443 turpiter
749 1419 760 1439 ,
793 1386 867 1427 hoc
893 1386 1058 1428 honeste
1078 1388 1134 1428 fit.

1194 1385 1307 1428 Bona
1327 1389 1402 1430 ista
1422 1396 1489 1430 aut
1509 1389 1610 1431 mala

170 1473 250 1500 non
273 1458 389 1499 efficit
408 1456 597 1508 materia,
630 1455 700 1496 sed
722 1455 872 1496 uirtus:
905 1454 1003 1496 haec
1022 1455 1253 1511 ubicumque
1279 1457 1457 1512 adparuit
1478 1457 1609 1499 omnia

121 1545 151 1574 2¹
175 1527 348 1568 eiusdem
372 1537 579 1581 mensurae
599 1537 644 1564 ac
666 1523 782 1578 pretii
813 1529 917 1563 sunt.

978 1522 1026 1563 In
1057 1524 1191 1564 oeulos
1220 1538 1323 1565 nunc
1350 1525 1442 1566 mihi
1471 1539 1608 1567 manus

170 1595 338 1635 intentat
359 1593 424 1633 ille
449 1592 514 1647 qui
537 1591 708 1632 omnium
742 1590 912 1630 animum
945 1591 1126 1631 aestimat
1141 1605 1195 1632 ex
1215 1584 1310 1643 suo,
1353 1594 1453 1647 quod
1484 1594 1607 1634 dicam

167 1662 281 1719 paria
310 1661 413 1702 bona
443 1673 533 1701 esse
563 1659 731 1699 aduersa
758 1657 915 1698 fortiter
939 1659 1128 1713 portantis
1167 1665 1206 1699 et
1234 1673 1421 1715 prospera
1443 1661 1608 1702 honeste

170 1729 404 1781 iudicantis,
450 1727 552 1782 quod
584 1726 710 1767 dicam
741 1726 850 1781 paria
874 1725 976 1766 bona
1007 1740 1096 1767 esse
1126 1726 1210 1767 eius
1243 1727 1308 1781 qui
1342 1728 1550 1783 triumphat
1570 1735 1610 1769 et

172 1798 256 1840 eius
275 1797 341 1852 qui
359 1802 451 1837 ante
469 1809 626 1836 currum
646 1793 802 1835 uehitur
822 1793 993 1835 inuictus
1022 1794 1167 1836 animo.

169 1889 312 1923 -ΒΞ
324 1898 343 1920 s
356 1899 375 1919 e
385 1887 410 1919 d
429 1894 549 1919 manet
568 1885 686 1918 etiam.
714 1885 756 1928 (w
766 1899 810 1912 =
824 1896 867 1917 m.

171 1935 218 1967 in
248 1933 422 1971 commin.)
478 1931 581 1974 Arg.b
599 1946 645 1959 =
665 1942 716 1963 cu
728 1943 762 1962 m
791 1930 868 1962 mi-

173 1991 226 2012 nu
235 1987 250 2012 c
258 1991 277 2011 o
295 1989 450 2024 corpore.
511 1989 586 2009 w=
592 1978 768 2010 Virtutem
785 1987 807 2007 n
817 1987 836 2007 o
847 1986 871 2006 n

171 2025 348 2068 intelligo.
418 2035 435 2055 r
445 2041 488 2046 —
499 2035 518 2054 e
527 2031 541 2055 t
561 2029 639 2054 ante
661 2021 846 2053 excelsam.

219 2070 266 2103 Gv
290 2068 441 2101 nonnulli
468 2067 523 2099 alii
546 2079 583 2110 pp
614 2065 672 2099 1³3.
687 2064 721 2098 4.
745 2071 779 2103 -Ι-
806 2078 870 2098 sa-

169 2115 427 2202 ΨΨ
437 2111 629 2200 accede
642 2111 795 2200 2:222
804 2109 870 2186 ῑςὲ

173 2213 311 2236 nestum
335 2216 353 2234 e
364 2211 415 2235 st.

222 2247 274 2281 19.
298 2260 371 2280 r=
389 2259 410 2278 η
423 2259 472 2279 ec
495 2246 614 2291 magis
634 2256 738 2291 quam
759 2256 871 2289 regu-

175 2295 258 2327 lam.
304 2293 418 2327 81—ss
433 2296 467 2330 -l-
485 2303 589 2336 quam
610 2292 651 2322 si
670 2302 745 2335 reg.
806 2288 870 2324 cl.

176 2359 214 2364 -
231 2340 295 2374 {mn
312 2342 347 2375 -l-
364 2349 418 2381 qu
429 2350 449 2368 u
461 2349 494 2368 m
523 2337 567 2368 si
591 2336 721 2379 flectes
756 2341 871 2366 contra

175 2396 251 2417 mss.
279 2383 379 2416 etiam
400 2384 477 2426 Ops.
505 2381 562 2413 Gr.
590 2379 722 2423 (P3.=
744 2380 871 2423 infle-

177 2428 264 2472 σιω)
286 2430 335 2461 Ss.
406 2439 477 2459 r=
489 2434 586 2458 muta
598 2426 640 2457 ri
651 2438 678 2459 s.

222 2473 438 2519 rigidari
469 2471 679 2516 quidem,
718 2470 872 2515 amplius

177 2519 320 2553 intendi
341 2529 411 2551 non
430 2525 545 2562 potest
565 2531 609 2544 =
630 2527 706 2548 mss.
732 2517 816 2558 (exc.
841 2515 871 2547 G

178 2566 236 2599 ΒΘ
265 2562 431 2596 nonnullis
453 2562 504 2605 pp)
528 2560 587 2594 P2.
613 2563 690 2604 Ops.
721 2563 770 2592 Ss.
795 2560 872 2604 ple-

177 2609 395 2696 §aiffa
403 2607 817 2686 --
825 2608 873 2683 εῖτ

178 2699 320 2732 intendi
335 2705 462 2743 potest.
512 2694 642 2731 GP1.3.
653 2711 698 2723 =
711 2708 731 2727 r
740 2696 754 2728 i
763 2696 787 2728 d
797 2708 819 2728 a
831 2697 872 2728 ri

199 2743 318 2777 uidem
330 2743 486 2786 amplius
501 2753 524 2774 n
533 2753 579 2774 ec
593 2741 734 2774 intendi
743 2750 869 2785 potest.

176 2757 261 2822 {z
280 2787 442 2833 rigida
465 2786 607 2831 quidem
622 2799 672 2819 ω.
719 2787 748 2820 '21
765 2791 798 2824 -l-
816 2788 871 2819 ri-

179 2834 305 2880 gidari
337 2833 479 2878 quidem
495 2862 498 2864 .
510 2832 662 2878 amplius
693 2843 719 2877 p
732 2843 752 2864 o
762 2839 777 2864 ι
788 2844 807 2865 e
817 2844 836 2864 s
846 2841 871 2875 t,

1227 1793 1322 1836 Non
1341 1803 1477 1852 putant
1504 1796 1608 1837 enim

914 1885 1056 1918 intendi
1074 1897 1144 1918 non
1163 1893 1288 1931 potest.
1334 1887 1413 1921 θῖ-
1422 1888 1489 1923 z&
1503 1891 1538 1926 -l-
1556 1886 1611 1919 ri-

915 1931 1043 1976 gidari
1074 1931 1215 1976 quidem
1250 1940 1415 1976 potest
1445 1945 1498 1966 ω.
1578 1932 1608 1965 Θ

915 1976 1048 2020 quidam
1067 1976 1158 2009 Pinc.
1181 1977 1280 2011 Sm—
1292 1979 1356 2012 Ἦὲα
1372 1993 1418 2007 =
1438 1977 1611 2024 rigida

916 2034 963 2054 es
975 2030 1008 2061 ι,
1034 2023 1187 2068 amplius
1211 2034 1262 2054 ω.
1309 2022 1401 2056 Pinc.
1425 2023 1464 2056 ci.
1481 2038 1527 2052 =
1544 2023 1610 2055 ri-

914 2079 941 2112 g
953 2067 1001 2098 id
1012 2079 1035 2100 a
1059 2079 1132 2099 ess
1143 2079 1180 2104 ο,
1204 2068 1359 2112 amplius
1377 2074 1441 2101 etc.
1499 2069 1609 2102 P2t=

916 2124 939 2143 n
949 2123 968 2143 e
978 2124 999 2156 q
1007 2124 1030 2143 u
1039 2124 1058 2143 e
1076 2111 1120 2143 ab
1139 2111 1207 2144 illa
1227 2113 1376 2157 quidem.
1423 2114 1486 2150 (ᾗ.
1496 2129 1543 2138 -·
1553 2111 1609 2146 ab.

961 2156 989 2190 21
999 2156 1162 2199 -fiunt.
1233 2168 1250 2188 r
1261 2175 1305 2180 —
1319 2157 1412 2190 enim
1442 2163 1520 2190 ante
1545 2169 1610 2190 ne-

916 2213 1013 2233 cesse
1033 2209 1096 2234 est.

960 2245 1015 2278 20.
1040 2246 1142 2279 1³21=
1151 2246 1242 2291 inqu
1251 2246 1266 2278 i
1274 2254 1299 2280 t.
1344 2249 1460 2280 Prw—
1469 2247 1511 2280 in
1525 2259 1609 2280 con-

917 2291 1014 2323 vivio
1033 2292 1166 2323 malum
1184 2299 1257 2331 est,
1283 2292 1452 2337 torqueri.
1522 2293 1610 2327 §R-

916 2337 949 2371 §B
968 2351 1014 2364 =
1034 2335 1228 2380 ubicunque
1249 2349 1364 2383 appar
1374 2350 1396 2370 ιι
1406 2350 1425 2370 e
1433 2350 1453 2370 r
1461 2337 1510 2370 it.

964 2382 995 2414 G
1010 2386 1044 2420 -l-
1062 2383 1179 2413 omnia
1199 2383 1296 2415 ista
1317 2383 1486 2416 eiusdem.

960 2425 1014 2459 21.
1041 2428 1121 2462 ffl=
1133 2439 1260 2460 manus
1277 2429 1392 2461 intent
1400 2440 1423 2460 α
1433 2439 1456 2460 n
1466 2436 1481 2459 t
1498 2426 1573 2460 illa
1581 2440 1610 2462 e.

916 2472 1077 2507 Rae—213
1089 2488 1135 2500 =
1147 2473 1394 2506 intendant.
1443 2471 1562 2513 GwPl.
1574 2471 1609 2506 3.

916 2518 1197 2550 :intention
1281 2518 1612 2563 Rffl—ffi=qui

918 2563 1072 2595 omnium
1091 2564 1188 2595 anim
1200 2575 1219 2596 o
1229 2575 1259 2595 3.
1306 2563 1382 2596 rP2.
1397 2567 1432 2601 —4—
1446 2563 1538 2608 quod
1549 2562 1610 2594 di-

918 2620 996 2640 cam
1019 2607 1134 2641 bonu
1146 2620 1179 2640 m
1192 2608 1360 2653 [r-l-esse]
1385 2609 1431 2640 in
1453 2607 1611 2640 eculeo

917 2654 1105 2693 iacere,
1129 2654 1250 2699 quod
1275 2654 1424 2686 dicam
1446 2651 1553 2696 paria
1575 2658 1610 2684 et

917 2710 995 2730 mox
1014 2699 1134 2741 rArg.b
1152 2704 1220 2730 tres
1234 2700 1310 2741 Ops.
1331 2713 1379 2722 --
1397 2697 1447 2729 ad
1451 2709 1554 2729 versa
1567 2716 1609 2722 --

915 2744 1025 2788 paria
1057 2743 1148 2776 bona
1177 2754 1264 2775 esse.
1321 2741 1415 2774 Mod.
1443 2740 1502 2774 Pl.
1516 2738 1550 2774 4.
1567 2760 1607 2766 —-

917 2787 1528 2867 3525„23500m..12⁷3'²⁶-:d2255:⁶⁶
1553 2787 1612 2864 ’τι
