1742 3094
132 245 257 284 xxvi
711 243 1004 283 PRAEFATIO.

132 368 232 396 cros,
268 358 315 388 Et
350 354 530 399 J’rofanos
555 356 754 399 Scriptores
788 358 819 387 E
843 354 1112 400 Marginalibus
1135 355 1244 388 Notis
1270 356 1438 389 Codicum
1463 358 1571 389 Eius-

131 414 222 446 dem.
271 415 307 445 A
328 411 513 444 Domim'co
544 412 670 443 Macro
694 412 881 444 Alelitensi
903 430 949 437 -·-
972 411 1159 444 Collectae.
1207 414 1255 445 Et
1278 412 1384 444 Num.-
1405 412 1571 456 primum,

133 471 152 503 ὲ
175 468 396 502 ,Bibliotheca
423 468 644 500 Bruncaccia
667 467 706 500 in
729 468 842 500 lucem
863 468 1003 500 Editus.
1052 470 1197 501 Romae.
1225 469 1267 500 M
1279 469 1354 502 DC.
1364 469 1509 501 LXXV
1506 469 1570 511 11.)

463 625 515 667 B.
577 626 618 679 *)
645 624 844 668 LIBRI
886 623 1252 667 IMPRESSI.

528 726 563 768 Ι.
625 725 811 782 Impressi
841 735 930 769 ante
961 726 1187 768 Erasmum.

228 808 257 840 1.
283 809 325 842 X.
351 806 475 839 Editio
496 808 699 848 Ammyma.
724 806 798 838 Fol.
820 806 892 838 foll.
919 805 996 838 210.
1021 805 1104 837 linn.
1125 805 1180 838 35.
1229 807 1304 838 Hoc
1323 806 1473 838 initium:
1502 809 1573 838 Lu·

136 867 183 898 cii
207 864 326 897 Annei
355 859 486 894 Seizece
509 861 747 894 Cordubensis
769 862 819 894 ud
841 862 1018 894 Lucilium
1040 862 1098 905 epi
1125 861 1139 904 11
1166 862 1267 894 stole.
1314 862 1487 894 Felicieer
1508 864 1575 894 ln-

136 921 273 966 cipiunt
294 920 433 952 Prima.
480 920 536 950 De
560 917 776 962 colligenda.
822 919 968 949 Auctore
1001 917 1072 948 Van
1102 918 1200 948 Praet
1234 917 1336 949 tribui
1357 917 1445 950 solet
1469 919 1576 950 Men—

137 978 222 1010 telio
256 975 326 1007 sive
356 974 557 1006 Illentelino
587 972 722 1005 librario
756 972 1042 1015 Argentoratensi.
1102 972 1169 1004 Sed
1201 973 1362 1005 Bardilius
1402 974 1576 1006 Umcensis

137 1047 166 1065 v.
193 1033 254 1070 cl.,
282 1031 337 1074 qui
363 1030 467 1062 multa
491 1030 556 1062 alia
580 1029 622 1061 de
644 1029 736 1061 libris
753 1030 899 1061 Senecae
922 1028 1090 1071 impressis
1113 1028 1156 1060 ad
1178 1041 1232 1061 me
1251 1029 1352 1062 docte
1374 1029 1516 1073 scripsit,
1541 1029 1575 1061 id

135 1089 270 1122 minime
295 1093 447 1119 constare
470 1091 656 1118 asseverat:
693 1096 769 1116 nam
801 1084 968 1127 singulare
991 1084 1074 1116 illud
1096 1085 1147 1125 R,
1186 1084 1276 1128 quod
1299 1085 1333 1117 in
1357 1085 1422 1118 hoc
1445 1097 1576 1129 quoque

134 1146 220 1178 libro
251 1143 413 1182 cernitur,
449 1142 482 1174 in
507 1141 689 1174 Vincentia·
714 1140 980 1173 Be'lovacensis
999 1140 1146 1185 Speculo
1169 1141 1369 1174 Hister-ioli
1399 1154 1419 1174 a
1441 1143 1577 1174 Mente-

136 1202 205 1233 liuo
228 1213 257 1233 a.
280 1198 377 1232 1473.
401 1199 562 1242 impresso
586 1208 746 1240 nusquam
771 1196 927 1240 conspici.
977 1196 1162 1241 Speculum
1183 1204 1293 1229 autem
1316 1198 1398 1230 illud
1421 1198 1456 1230 in
1477 1198 1578 1230 testi-

138 1257 286 1290 monium
309 1255 502 1287 laudaverat
524 1255 596 1286 Van
620 1254 730 1285 Praet.
779 1253 934 1285 Ceterum
956 1252 1012 1284 ille
1035 1252 1119 1284 liber
1143 1265 1183 1284 ex
1206 1253 1322 1286 codice
1341 1254 1526 1286 recentiore
1543 1261 1577 1286 et

140 1313 237 1346 valde
260 1311 463 1354 interpolato
486 1309 720 1352 transscriptus
749 1315 799 1340 est
823 1308 939 1340 formis
962 1320 1024 1351 per
1046 1308 1214 1341 hominem
1229 1309 1402 1342 indoctum
1415 1335 1423 1350 ,
1458 1310 1514 1354 qui
1536 1322 1578 1343 ne

139 1368 337 1412 compendia
361 1366 494 1410 quidem
518 1365 701 1408 scripturae
731 1364 810 1396 satis
848 1364 967 1396 usitata
990 1364 1101 1407 potuit
1125 1364 1300 1407 explicare.
1347 1366 1470 1405 Multas
1493 1366 1579 1399 scri-

137 1433 251 1469 pturas
287 1433 476 1456 communes
508 1421 611 1453 habet
643 1432 716 1453 cum
745 1420 835 1452 Pinc.
870 1431 922 1452 ex.
955 1419 1059 1451 schol.
1098 1426 1133 1452 et
1165 1421 1226 1452 Sc‘:
1267 1428 1440 1465 usurpatus
1474 1428 1525 1454 est
1559 1434 1578 1454 a

138 1480 451 1523 Schweigliaeusero
475 1477 671 1520 diligenter,
697 1489 717 1508 a
738 1475 928 1519 Ruhkopfio
952 1475 1094 1519 passim,
1119 1476 1262 1509 fortasse
1291 1477 1391 1510 etiam
1413 1478 1454 1510 ab
1478 1480 1578 1510 Eras—

138 1550 205 1570 mo.
255 1536 335 1578 (Cf.
361 1533 447 1566 Ilain
474 1534 611 1576 Repert.
637 1532 722 1564 Bibl.
753 1532 796 1563 N.
821 1529 942 1564 14597.
989 1531 1075 1563 Bibl.
1101 1533 1222 1574 Spenc.
1255 1539 1338 1564 tom.
1361 1534 1404 1564 11.
1435 1533 1480 1566 N.
1498 1531 1576 1566 426.

139 1605 172 1636 p.
197 1589 265 1625 347
290 1603 340 1634 sq.
391 1588 523 1621 Contuli
548 1599 622 1620 eum
641 1587 703 1629 Q.)

230 1646 263 1679 2.
311 1647 354 1688 3.
379 1645 505 1677 Editio
528 1643 719 1688 Incognita
753 1642 938 1686 (venditata
964 1655 984 1674 a
1002 1642 1132 1675 I'rinzio
1155 1642 1290 1676 librario
1311 1645 1520 1687 Vesaliensi).
1544 1644 1579 1678 8.

142 1703 215 1737 soll.
237 1701 291 1735 84.
318 1701 401 1733 linn.
425 1698 478 1732 19.
502 1699 558 1733 20.
580 1698 635 1731 21.
658 1697 713 1731 22.
735 1697 791 1730 23.
820 1699 882 1742 (ne
905 1697 1076 1741 proximae
1098 1698 1230 1742 quidem
1261 1699 1350 1732 inter
1378 1713 1414 1734 se
1441 1701 1579 1744 paginae

140 1771 255 1804 parem
287 1758 412 1790 habent
447 1756 609 1788 linearum
645 1754 843 1796 nnmerum).
891 1753 1051 1786 Fasciculi
1084 1754 1224 1798 singuli,
1258 1755 1314 1799 qui
1337 1756 1426 1789 foliis
1451 1757 1580 1790 octonis

143 1821 299 1851 constant
324 1820 458 1858 praeter
481 1811 650 1852 ultimum,
683 1810 749 1842 suis
771 1809 872 1853 signis
892 1809 927 1842 in
950 1810 1115 1854 prioribus
1138 1817 1279 1855 quatuor
1303 1812 1392 1844 soliis
1416 1820 1493 1846 sunt
1515 1825 1580 1846 no-

140 1871 204 1907 tati
221 1871 285 1903 sic:
314 1879 332 1904 α
345 1894 355 1913 ,
386 1868 453 1911 α’ὶ,
481 1866 551 1911 a3,
576 1864 710 1911 a8(4):
737 1866 869 1898 ultimus
895 1865 998 1909 habet
1020 1866 1197 1899 duodecim
1221 1867 1324 1907 folia,
1360 1880 1499 1912 quorum
1521 1881 1582 1902 sex

141 1928 254 1972 priora
275 1926 324 1958 sic
347 1925 538 1968 signantur:
565 1924 606 1963 k,
631 1921 704 1962 k2,
729 1922 805 1961 k3,
831 1922 886 1955 kR
904 1921 951 1965 (4)
965 1946 974 1961 ‚
997 1922 1072 1963 ki),
1096 1923 1172 1958 kbi.
1218 1923 1283 1955 Hic
1302 1931 1474 1967 praeterea
1495 1925 1581 1958 male

142 1991 193 2016 est
218 1981 456 2025 complicatus,
491 1986 528 2011 ut
551 1978 710 2011 foliorum
733 1977 817 2010 ordo
844 1977 887 2010 sit
909 1977 1061 2010 turbatus
1085 1978 1332 2022 aliquantulum.
1378 1981 1582 2014 Litterarum

142 2039 267 2082 figurae
290 2043 368 2069 sunt
386 2035 549 2069 Gothicae
574 2041 608 2066 et
630 2034 799 2067 rudiores:
826 2033 1041 2077 quamobrem
1064 2033 1107 2065 ad
1131 2034 1238 2078 prima
1261 2035 1340 2067 artis
1358 2037 1582 2080 typographi—

144 2107 202 2127 cae
234 2098 450 2125 monumenta
478 2091 599 2123 librum
629 2089 757 2121 referre
788 2100 856 2120 non
892 2089 1022 2121 dubito.
1070 2089 1205 2121 Initium
1237 2090 1302 2122 hoc
1335 2098 1405 2123 est:
1450 2093 1584 2138 Incipit

143 2150 234 2183 liber
258 2149 380 2194 eplx'crfi
411 2159 534 2179 senece
559 2146 609 2178 ad
632 2145 756 2177 luciliu
789 2144 802 2188 ΙΙ
843 2144 887 2175 dc
919 2144 1145 2176 institutione
1181 2156 1315 2177 morum
1383 2146 1444 2191 [¹4]
1470 2149 1584 2180 Vceus

143 2216 282 2238 anneus
305 2205 438 2236 Seneca
463 2201 586 2234 lucilio
609 2211 672 2233 suo
694 2200 846 2232 salutem
878 2198 892 2244 Η
930 2201 990 2231 Ita
1004 2198 1075 2245 sac
1097 2200 1148 2231 mi
1169 2200 1286 2232 lucilli
1309 2202 1437 2234 vEdica
1460 2211 1496 2236 ce
1517 2203 1584 2237 tibi

145 2265 191 2296 Ει
209 2263 312 2306 tipus
329 2258 342 2302 ΙΙ
359 2257 451 2303 quod
474 2257 592 2289 adhuc
615 2264 731 2288 restat
753 2256 882 2301 collige
904 2263 938 2288 et
954 2267 1070 2288 serva.
1117 2255 1227 2288 Finis:
1265 2256 1324 2288 Ne
1339 2255 1459 2301 facile
1477 2259 1582 2292 dixe·-

146 2319 215 2352 rim
239 2319 322 2348 ιιινιῖ
345 2313 464 2358 magis
488 2313 629 2345 irascar
653 2312 731 2344 illis
753 2312 813 2356 qui
836 2323 900 2343 nos
928 2310 941 2356 ss
980 2311 1096 2343 nichil
1116 2312 1210 2344 scire
1234 2312 1393 2346 voluerat
1426 2317 1482 2347 An
1507 2315 1585 2347 illis

145 2374 206 2419 qui
229 2384 273 2405 ne
295 2371 360 2403 hoc
382 2370 489 2414 quide‘
509 2367 610 2400 nobis
637 2366 651 2412 ΙΙ
680 2366 878 2413 reliquerit
902 2366 1018 2399 nichil
1039 2367 1143 2400 scire.
1171 2367 1275 2400 Vale.
1335 2369 1408 2413 (Ep.
1435 2367 1491 2402 88.
1515 2372 1580 2414 ex.)

147 2428 308 2462 Scribitur
329 2426 473 2458 studea
499 2423 654 2467 (studia),
680 2424 832 2467 gaudio
848 2422 1013 2466 ,(gaudeo)
1027 2447 1036 2462 ,
1061 2423 1146 2454 sede
1168 2423 1303 2465 (caede)
1323 2425 1364 2456 al.
1388 2426 1585 2469 compendia

147 2484 226 2518 satis
255 2488 333 2515 sunt
356 2479 554 2524 frequentia.
601 2480 766 2522 Excerpta
789 2478 1013 2522 Epistularum
1035 2477 1082 2511 88
1104 2479 1270 2522 priorum,
1311 2492 1396 2524 qnae
1418 2481 1528 2514 insunt
1550 2482 1584 2515 in

147 2542 214 2573 hoc
234 2539 333 2578 libro,
357 2548 424 2569 non
449 2535 584 2568 omnino
609 2535 814 2567 concordant
830 2546 903 2566 cum
920 2533 1060 2577 vulgatis
1077 2536 1251 2575 (Arnoldl
1267 2536 1312 2568 de
1326 2537 1474 2570 Colonia
1489 2538 1583 2584 Κίρ-ς.

151 2597 249 2634 1495.
287 2592 507 2638 IVoIfgangi
530 2591 761 2624 Monacensis
782 2589 863 2622 ibid.
889 2588 985 2624 1501.
1009 2590 1088 2631 al.):
1127 2603 1201 2623 nam
1234 2593 1336 2626 modo
1370 2593 1463 2636 plura
1487 2593 1583 2625 exhi—

150 2653 248 2691 bent,
272 2649 376 2682 modo
395 2647 569 2692 pauciora,
594 2646 697 2679 modo
720 2646 856 2689 singulis
879 2646 987 2678 verbis
1012 2646 1182 2679 differunt.
1231 2648 1383 2684 (Contuli
1407 2659 1481 2680 cnm
1497 2650 1581 2683 iiiia:

151 2719 213 2740 nec
230 2713 342 2739 tamen
365 2704 469 2736 multa
493 2715 532 2735 ex
553 2703 620 2735 hoc
642 2702 728 2734 libro
752 2701 785 2733 in
810 2702 1053 2734 commentariis
1079 2703 1231 2746 proferre
1254 2703 1357 2735 visum
1382 2710 1462 2744 est.)

243 2763 276 2797 3.
324 2762 370 2803 ξ).
396 2759 519 2792 Editio
540 2759 715 2791 Parisina
736 2769 770 2790 a.
796 2759 893 2795 1475.
915 2755 947 2790 4.
961 2758 1040 2790 min.
1064 2759 1138 2791 soll.
1155 2758 1233 2791 211.
1258 2758 1406 2791 linn.25.
1431 2760 1582 2791 Initium:

220 2838 246 2872 Ἴ
264 2838 326 2866 Eo·
344 2838 461 2864 tantum
480 2842 696 2871 commemoro,
716 2834 824 2870 quibus
843 2833 882 2861 ad
901 2842 963 2862 rcm
982 2834 1119 2863 criticam
1137 2833 1253 2871 aliquid
1271 2838 1318 2864 est
1335 2836 1496 2872 momenti,
1518 2836 1583 2872 qni-

152 2884 270 2918 buuque
287 2882 353 2919 ipse
370 2889 444 2909 usus
462 2887 538 2908 sum.
