1742 3094
158 222 242 268 554
620 228 662 268 L.
693 226 888 278 ANNAEI
919 229 1149 270 SENECAE

154 337 210 379 ris
228 338 358 394 periit.
421 337 572 382 Causas
592 340 738 382 doloris
765 341 1032 396 conquirimus
1052 349 1092 383 et
1111 343 1158 384 de
1189 343 1346 385 fortuna
1373 343 1491 385 etiam
1513 343 1587 385 iui-

156 420 232 461 que
253 407 363 462 queri
385 408 590 460 uolumus,
621 409 731 463 quasi
761 423 842 450 non
866 409 917 451 sit
940 409 1064 451 iustas
1095 411 1284 466 querendi
1312 425 1453 454 causas
1475 425 1587 468 prae-

120 474 299 517 zbitura.
357 476 415 517 At
443 476 688 518 mehercules
716 477 813 519 satis
842 478 936 532 mihi
963 478 1041 520 iam
1070 479 1266 521 uidebaris
1295 480 1414 521 animi
1442 479 1589 521 hahere

152 542 268 584 etiam
291 544 483 586 aduersus
510 544 635 586 solida
665 545 790 597 mala,
825 546 970 587 nedum
996 547 1047 588 ad
1075 547 1173 589 istas
1203 547 1362 590 umbras
1396 548 1585 589 malorum

150 611 290 666 quihus
328 612 590 668 ingemiscunt
627 613 806 655 homines
844 614 968 655 moris
1000 628 1133 657 causa.
1204 614 1320 670 Quod
1356 617 1584 658 damnorum

150 679 323 721 omnium
356 681 570 722 maximum
608 687 693 732 est,
738 681 773 722 si
801 681 967 723 amicum
997 683 1261 737 perdidisses,
1307 684 1435 726 danda
1465 697 1586 740 opera

151 755 238 789 erat
266 755 311 790 ut
338 749 463 804 magis
494 750 689 804 gauderes
714 750 817 804 quod
847 750 1066 802 babucum,
1109 765 1223 806 quam
1253 765 1455 793 moereres
1483 751 1587 807 quod

151 816 358 858 amiseras.
399 815 479 859 Sed
500 817 676 872 plerique
693 832 771 859 non
793 825 1005 873 conputaut
1024 826 1169 874 quauta
1186 819 1448 875 perceperint,
1467 832 1587 875 quan-

118 897 134 923 4
155 891 235 926 tum
263 885 389 940 gauisi
411 885 504 927 sint.
565 884 653 926 Hoc
671 885 789 927 habet
808 882 914 927 iuter
932 886 1083 942 reliqua
1107 887 1198 929 mali
1232 888 1344 930 dolor
1367 887 1470 929 iste:
1507 900 1587 928 nou

150 967 419 1009 superuacuus
441 960 615 1006 tantum,
646 954 717 995 sed
740 955 918 1010 ingratus
944 962 1019 997 est.
1079 954 1191 1011 Ergo
1216 956 1320 1011 quod
1339 955 1590 1014 habuistita-·

149 1021 226 1062 lem
247 1022 439 1073 amicum,
472 1022 575 1077 perit
606 1024 756 1078 opera?
785 1030 843 1064 tot
867 1023 1003 1075 annis,
1038 1030 1142 1065 tanta
1165 1024 1439 1065 coniunctione
1462 1023 1583 1074 uitae,

150 1097 227 1130 tam
256 1089 436 1130 familiari
463 1090 681 1131 studiorum
704 1091 892 1132 societate
913 1091 1009 1132 nihil
1032 1098 1165 1132 actum
1185 1094 1273 1133 est?
1333 1089 1433 1133 Cum
1459 1090 1585 1132 amico

150 1158 269 1199 effers
314 1157 549 1199 amicitiam?
601 1163 640 1199 et
675 1158 765 1213 quid
800 1159 910 1200 doles
956 1159 1159 1211 amisisse,
1213 1160 1247 1201 si
1281 1159 1465 1201 habuisse
1505 1173 1584 1200 nou

149 1226 337 1281 prodest?
390 1224 495 1266 Mihi
518 1226 652 1278 crede,
680 1240 822 1282 magna
845 1240 937 1282 pars
962 1241 1015 1268 ex
1039 1227 1088 1268 iis
1109 1242 1208 1282 quos
1229 1227 1463 1279 amauimus,
1494 1227 1586 1268 licet

115 1305 133 1332 ⁵
149 1293 257 1349 ipsos
296 1307 413 1335 casus
441 1293 674 1345 abstulerit,
724 1295 824 1350 apud
858 1309 931 1336 nos
963 1302 1110 1336 manet.
1168 1293 1362 1338 Nostrum
1393 1301 1455 1336 est
1484 1294 1587 1350 quod

149 1361 354 1418 praeteriit
373 1368 526 1417 tempus
551 1375 625 1402 nee
649 1362 855 1417 quicquam
873 1370 934 1404 est
956 1363 1044 1405 loco
1069 1363 1212 1405 tutiore
1233 1377 1350 1419 quam
1375 1363 1477 1419 quod
1497 1362 1582 1405 fuit.

148 1428 300 1485 Ingrati
336 1430 527 1472 aduersus
558 1437 740 1485 percepta
769 1444 839 1486 spe
879 1431 998 1473 futuri
1028 1446 1187 1483 sumus,
1233 1431 1344 1487 quasi
1375 1445 1455 1473 nou
1482 1431 1584 1486 quod

147 1499 318 1540 futurum
343 1505 419 1551 est,
452 1497 486 1539 si
509 1498 626 1539 modo
650 1499 888 1540 successerit
904 1499 1034 1552 nobis,
1066 1499 1144 1541 cito
1166 1500 1208 1541 iu
1228 1499 1438 1556 praeterita
1458 1505 1585 1540 trans-

146 1567 291 1608 iturum
321 1567 388 1607 sit.
439 1565 623 1621 Anguste
646 1567 797 1608 fructus
814 1581 944 1608 rerum
968 1568 1203 1623 determinat
1220 1567 1284 1622 qui
1305 1574 1452 1609 tantum
1470 1580 1584 1623 prae-

147 1634 325 1676 sentibus
353 1634 478 1675 laetus
502 1641 586 1675 est:
618 1640 658 1674 et
690 1635 819 1675 futura
843 1642 883 1675 et
903 1636 1115 1690 praeterita
1138 1636 1358 1687 delectant,
1391 1635 1488 1677 haec
1511 1649 1582 1675 ex-

148 1701 415 1758 spectatione,
458 1701 525 1742 illa
559 1701 770 1750 memoria:
813 1703 882 1743 sed
932 1703 1097 1744 alterum
1137 1703 1279 1758 pendet
1312 1709 1352 1743 et
1379 1717 1458 1743 uon
1498 1701 1582 1743 fieri

114 1785 132 1811 ο
149 1776 293 1826 potest.
325 1769 491 1812 alterum
513 1783 593 1811 nou
609 1776 736 1826 potest
761 1784 840 1811 nou
861 1770 999 1813 fuisse.
1043 1769 1144 1825 Quis
1165 1785 1261 1826 ergo
1281 1772 1393 1812 furor
1413 1777 1475 1812 est
1497 1783 1583 1812 cer-

147 1837 301 1879 tissimo
332 1837 547 1879 excidere?
603 1836 917 1893 Adquiescamus
951 1838 1002 1880 iis
1033 1853 1132 1895 quae
1170 1838 1248 1880 iam
1281 1838 1504 1890 hausimus,
1548 1838 1583 1880 si

146 1939 231 1972 BsG
242 1955 288 1968 =
295 1940 387 1986 peri
397 1948 423 1973 t.
470 1939 583 1972 Noun.
599 1951 637 1983 ρρ
648 1955 693 1968 ---·
707 1941 846 1973 Causas
890 1952 990 1985 supra
1011 1940 1133 1974 lineam
1148 1941 1285 1985 legitur]
1307 1951 1447 1987 superte.
1496 1940 1528 1973 G
1537 1955 1584 1968 =

147 1986 283 2019 doloris
312 1986 327 2018 i
338 1997 362 2018 n
375 1986 561 2031 quit-imus.
609 1987 653 2018 Sa
666 1986 700 2021 ῢ
712 2001 757 2014 =
768 1986 844 2018 ini-
895 1999 929 2017 ω
955 1986 1108 2020 doloris
1130 1999 1178 2020 se
1189 1988 1213 2020 d
1236 1998 1306 2019 non
1338 1996 1478 2031 superv.
1524 1983 1583 2020 P1.

146 2043 192 2078 qu
203 2043 234 2065 o.
268 2032 521 2069 ffiloe-fflln=
533 2031 632 2078 iniqu
643 2031 667 2064 i.
692 2031 778 2064 Ren.
792 2045 825 2062 ω
835 2054 843 2063 .

190 2086 225 2121 3.
249 2088 315 2123 Xffl
327 2107 371 2112 —
381 2088 500 2125 ffliu=
512 2088 730 2122 mehercule.
763 2090 790 2121 B
799 2103 845 2117 =

146 2133 267 2178 iugem
279 2142 418 2166 escunt.

193 2190 227 2210 m
238 2190 258 2211 ο
268 2190 288 2210 r
298 2179 314 2210 i
322 2190 340 2211 s
364 2191 475 2212 causa
484 2195 531 2208 =
543 2180 570 2211 B
594 2190 645 2212 ex.
675 2179 843 2212 Francisc.

146 2223 192 2258 ⁵.ss
204 2241 250 2248 —
260 2223 308 2259 Ε.
376 2224 461 2256 Rell.
475 2236 552 2257 mss.
573 2223 674 2256 etiam
698 2224 756 2256 Gr.
778 2224 843 2259 ’Χθὶ

146 2286 192 2294 -
203 2269 236 2303 (S
248 2283 295 2296 =
308 2279 402 2301 amo
413 2269 467 2302 ris
486 2281 610 2303 causa.
633 2270 843 2314 ss=quam

146 2322 186 2347 ta
205 2325 231 2359 p
240 2326 260 2346 ι·
269 2325 293 2345 a
305 2326 325 2346 e
335 2314 493 2359 ceperint
515 2325 554 2346 ex
580 2313 619 2346 ei.
644 2313 735 2358 quod
753 2313 842 2346 infra

149 2359 202 2404 (ᾗ.
223 2357 278 2402 5.)
316 2360 380 2391 Sac
412 2358 442 2393 X
472 2358 636 2391 dederunt
668 2359 843 2392 adversus

142 2417 170 2452 p
179 2415 230 2437 ra
241 2416 260 2438 e
268 2411 381 2450 cepta·

175 2468 382 2514 ‘quantum
403 2459 530 2507 gavisi
549 2460 624 2493 sim
641 2475 687 2489 =
707 2460 764 2493 BR
781 2459 839 2494 Ρ2.

138 2505 526 2597 ramasse:
540 2549 574 2586 3.
591 2505 634 2584 r
649 2518 843 2587 0183(-

146 2598 215 2634 ma
229 2602 263 2637 4-
277 2605 447 2644 quantum
459 2608 481 2630 ν
491 2609 511 2630 e
531 2596 658 2643 gavisi
678 2597 763 2630 aim.

191 2651 224 2687 4.
249 2653 347 2687 mali
360 2653 462 2687 dolor
482 2653 599 2686 iste.-
620 2663 692 2686 non
713 2665 756 2686 w
782 2666 841 2686 er·-

149 2698 420 2743 vac.=aliquot
432 2710 470 2743 ρρ
491 2699 526 2734 ῢ
550 2710 593 2731 ex
612 2698 653 2731 ci.
767 2698 787 2706 ’⁶
803 2710 840 2742 ρρ

147 2757 242 2776 =m
264 2745 366 2778 dolor
385 2745 492 2790 ipse
508 2756 559 2776 ω.
581 2745 756 2778 BSa=<u
774 2745 841 2777 do-

148 2790 257 2825 loris
291 2802 340 2823 se
373 2801 444 2822 non
467 2801 510 2823 ω
534 2801 608 2823 erv.
652 2789 684 2823 R
707 2790 841 2835 quidam

150 2846 187 2878 ρρ
207 2834 266 2869 P2.
293 2834 467 2868 Col.=m
517 2847 542 2868 a
569 2834 839 2880 [Gol‘=malz]

149 2880 250 2914 dolor
279 2881 326 2914 in
350 2891 398 2914 se
421 2881 543 2926 quod
564 2891 633 2914 non
665 2880 838 2926 [hocinR

889 2047 936 2060 =
955 2045 989 2063 ω
1010 2032 1180 2065 doloris
1203 2031 1409 2065 scilicet
1430 2042 1501 2063 non
1520 2042 1583 2063 su-

885 2090 988 2124 perv-
1035 2077 1093 2111 Pa.
1106 2076 1139 2110 4.
1163 2093 1207 2106 =
1230 2077 1321 2110 mali
1342 2076 1443 2110 dolor
1465 2089 1519 2122 qu
1529 2076 1583 2109 od

891 2135 961 2156 non
980 2135 1122 2169 supet-v.
1154 2123 1245 2156 Pinc.
1259 2135 1292 2155 v.
1305 2121 1329 2154 l.
1341 2141 1383 2146 —
1396 2122 1475 2155 iste.
1499 2132 1582 2165 pro-

888 2169 947 2201 bat
970 2169 1066 2201 Grut.
1091 2169 1212 2203 Xffi—
1226 2167 1291 2202 ⁵232
1310 2181 1357 2195 =
1378 2166 1484 2199 mala
1515 2166 1582 2199 do-

889 2213 964 2254 lor,
988 2214 1110 2259 quod
1133 2224 1202 2245 non
1225 2223 1364 2256 supet-v.

931 2281 998 2315 per
1008 2269 1024 2301 i
1033 2277 1048 2301 t
1072 2279 1179 2314 opera
1190 2283 1236 2296 =
1246 2267 1335 2300 BGR
1347 2267 1413 2303 191
1426 2285 1467 2292 —-
1476 2269 1523 2303 (5.

887 2315 932 2349 {DZ
945 2333 985 2339 —-
1001 2315 1035 2350 Ε
1049 2314 1241 2359 =periit
1262 2324 1383 2357 opera.

933 2372 977 2392 ex
1006 2359 1072 2392 iis
1093 2359 1354 2404 quos=Bpp.
1425 2357 1581 2393 GR1=

887 2416 931 2437 ex
951 2404 1051 2437 hiis
1073 2415 1170 2450 quos.
1218 2403 1466 2441 3=exltis
1571 2428 1580 2437 .

886 2450 1057 2486 θῐ-ἱῦία
1073 2464 1119 2479 =
1141 2462 1185 2483 ex
1214 2449 1329 2482 illis
1350 2460 1446 2495 quoe.
1483 2414 1580 2482 m

887 2507 994 2528 casus
1013 2508 1032 2529 e
1039 2507 1064 2528 x
1075 2495 1209 2529 tulerit.

931 2551 967 2584 5.
1000 2554 1065 2585 Sao
1082 2552 1148 2588 Χξῖῑ
1165 2570 1211 2577 -
1229 2551 1300 2587 ΒΕ
1331 2566 1376 2580 --
1406 2550 1581 2584 adversus

883 2610 938 2644 pr
948 2610 972 2631 a
984 2610 1003 2631 e
1012 2606 1125 2644 cepta.
1171 2597 1201 2632 ’ΣΕ
1213 2612 1259 2626 =
1271 2596 1376 2642 quasi
1393 2595 1488 2641 quod
1509 2594 1580 2640 fu·-

886 2651 1004 2677 turum
1026 2651 1081 2676 est
1091 2667 1101 2684 ,
1126 2643 1160 2676 si
1179 2653 1204 2675 n
1214 2655 1233 2676 ο
1243 2654 1266 2675 n
1289 2640 1510 2675 successerit.
1550 2641 1580 2676 Ι

885 2704 932 2717 =
942 2691 1086 2735 August
1099 2700 1120 2722 o
1131 2687 1288 2734 fructus.
1332 2686 1362 2721 ’Χ
1376 2689 1411 2725 -4-
1426 2697 1446 2718 e
1456 2697 1481 2718 a
1491 2697 1525 2718 m
1545 2693 1580 2718 ec

883 2734 1084 2781 praeterita
1115 2742 1150 2767 et
1168 2731 1313 2778 fucum.
1358 2731 1419 2764 BG
1427 2746 1474 2759 =
1484 2730 1579 2764 alee-

886 2792 963 2813 tum
985 2791 1055 2813 non
1069 2787 1188 2826 potest
1200 2776 1326 2824 suine
1346 2787 1412 2809 om.
1435 2787 1519 2810 non.

930 2834 1060 2869 §.iis
1103 2833 1371 2869 uaeiam=13.
1441 2831 1578 2868 GR‘IQ'R

887 2882 1050 2918 -ῢπ
1107 2881 1149 2914 is
1174 2878 1522 2924 [hiidquaen'am
