1742 3094
191 200 275 244 560

139 325 174 352 ’ῃ
184 313 309 356 -animi
339 320 413 356 est.

630 203 684 242 rL.
715 202 909 243 ANNAEI
942 203 1171 245 SENECAE

476 313 561 357 Sic«
577 320 702 369 auos,‘
727 317 785 358 sic
811 317 919 358 ferae
943 331 1037 358 suos
1063 316 1227 372 diligunt
1259 329 1422 372 quarum
1450 316 1621 359 concita—

190 389 252 424 tus
274 389 336 424 est
355 396 467 424 amor
492 390 532 425 et
549 397 672 439 paene
693 385 851 426 rabidus
864 416 875 436 ‚
907 385 978 426 sed
1000 399 1087 426 cum
1104 385 1258 426 amissis
1281 391 1386 427 totus
1406 385 1621 440 exstingui-

185 457 267 492 tur.

328 449 416 492 Hoc
447 451 676 506 prudentem
700 452 838 493 uirum.
856 466 936 493 non
959 453 1092 494 decet:
1125 452 1352 495 meminisse
1376 460 1619 508 perseueret,

190 518 328 573 lugere
357 518 527 560 desinat.
551 549 555 555 τ
588 517 690 561 Illud
722 520 828 561 nullo
863 520 979 561 modo
1003 520 1125 575 probo
1158 521 1261 575 quod
1293 520 1348 562 ait
1366 519 1622 562 Metrodorus

186 600 278 629 esse
295 587 486 641 aliquam
509 591 745 642 coynatam.
759 588 966 629 tristitiae
988 588 1250 642 uoluptatem
1263 602 1277 629 .·
1305 588 1416 630 lianc
1437 602 1529 631 esse
1551 602 1622 630 ca-

183 654 395 708 ptandam
423 655 469 695 in
503 655 712 696 eiusmodi
747 659 952 709 tempore.
1012 653 1103 710 Ipsa
1120 654 1344 698 Metrodori
1373 656 1496 698 uerba
1529 656 1620 697 sub-

184 722 340 778 scripsi.
392 718 1055 776 ΜητροδώρουἘπιστολῶν
1082 720 1108 763 ά
1130 720 1255 777 πρός
1283 720 1366 776 τὴν
1395 720 1618 777 ἀδελφήν.

174 786 321 830 ’Ἑστιν
360 786 436 844 γάρ
477 805 535 838 τις
577 787 697 846 [λύπῃ
735 787 938 844 συγγενὴς]
979 787 1106 844 ἡδονὴ
1121 823 1132 842 ,
1173 788 1224 844 ἢν
1259 795 1498 846 κυνηγετεῖν,
1521 787 1622 832 κατά

184 860 328 898 τοῦτον
356 855 424 898 τόν
453 855 607 912 καιρόν.

230 946 286 980 22.
305 947 473 993 sicserae
481 960 563 981 suos
574 948 735 994 diligunt
746 964 790 977 =
801 961 879 982 mss.

186 992 287 1026 etiam
311 994 369 1027 Gr.
383 995 560 1030 'MR—Q.
629 995 720 1027 Piae.
746 1007 778 1027 v.
798 995 821 1027 l.
846 996 879 1030 Ξ

190 1043 224 1076 -ff-
240 1050 323 1071 suos
341 1039 500 1084 diligunt
511 1039 660 1085 setus.
706 1040 882 1075 {Di—‘Diu

190 1083 407 1129 ÷foetus
438 1095 521 1116 suos
554 1085 725 1130 diligunt.
783 1085 812 1118 21
835 1100 882 1113 =

183 1141 347 1175 quorum
375 1130 585 1163 concitatas.
633 1132 659 1162 B
680 1135 714 1169 -ᾗ-
733 1142 881 1175 quarum

183 1183 377 1207 contrza
410 1184 608 1208 concitatus
649 1184 784 1208 actus
826 1184 880 1209 est

183 1232 294 1253 amor.
343 1219 434 1252 GPl.
451 1224 486 1258 —{-
506 1233 654 1266 quarum
688 1232 770 1253 con
782 1229 880 1253 tra-

184 1266 261 1298 ria
285 1277 337 1298 ac
359 1266 558 1298 concitatus
585 1274 640 1299 est
660 1277 771 1299 amor.
819 1265 879 1299 P3.

189 1315 223 1350 -Ι-
243 1322 391 1356 quarum
413 1313 699 1344 contrarius
719 1323 740 1343 a
754 1323 773 1343 c
795 1323 882 1344 con-

180 1357 318 1390 citatus
349 1364 404 1389 est
430 1368 541 1390 amor.
587 1357 647 1394 P4.
673 1360 707 1395 -†-
733 1368 881 1402 quarum

183 1410 436 1435 contr-arte
455 1410 656 1435 cononatus
673 1410 810 1435 actus
828 1410 882 1435 esc

183 1459 294 1481 amor.
343 1447 531 1480 G=illud
550 1447 652 1480 ullo
677 1448 788 1482 modo.
819 1447 881 1482 P3.

182 1509 228 1522 =
239 1492 337 1526 nullo
348 1493 450 1526 modo
472 1492 655 1539 approbo.
678 1494 704 1525 B
717 1508 763 1522 =
774 1505 826 1538 qu
835 1493 881 1526 id

181 1539 236 1572 ait
258 1539 415 1571 Metrod.

228 1583 321 1615 lianc
345 1596 363 1615 e
374 1595 391 1615 s
403 1596 420 1616 s
431 1596 450 1615 e
474 1584 689 1629 captandam
710 1599 756 1612 =
779 1584 808 1615 R
820 1583 879 1616 Pl.

181 1627 216 1662 3.
240 1626 274 1661 4.
298 1627 338 1660 ci.
360 1628 451 1660 Pinc.
476 1629 523 1663 Θ.
592 1629 652 1660 BG
664 1630 727 1661 Sac
748 1629 813 1663 Ίίῧί
836 1647 878 1654 --

182 1674 246 1711 (121,
257 1689 302 1702 =
315 1673 409 1705 hanc
431 1674 446 1706 i
447 1685 504 1719 ps
515 1686 534 1705 e
557 1674 785 1719 captandam.
813 1674 877 1711 (82.

180 1719 300 1753 -ἱῡῖα
310 1733 355 1746 =
366 1718 458 1751 hanc
477 1719 523 1763 ip
534 1730 584 1752 sa
594 1731 626 1751 m
648 1719 874 1764 captandam.

180 1764 339 1797 pervetus
362 1775 412 1796 ex.
434 1763 526 1796 Pinc.
550 1762 610 1798 P2.
632 1779 678 1792 =
695 1764 790 1797 Ιιαησ
811 1775 874 1796 ca-

175 1809 355 1855 ptandam
377 1820 441 1841 om.
458 1821 581 1842 esse..
607 1810 643 1844 {R
664 1829 707 1834 —
729 1810 809 1845 85)Ιί
830 1824 876 1837 =

181 1853 289 1887 verba
310 1855 443 1899 scrip
455 1855 509 1887 si.

224 1899 412 1934 Verborum
437 1900 640 1932 Graecorum
667 1899 777 1932 nullae
800 1906 877 1932 sunt

178 1944 338 1989 reliquiae
362 1945 397 1977 in
414 1945 444 1977 R
473 1945 519 1988 (in
539 1945 628 1977 cuius
656 1945 804 1988 margine
822 1945 877 1977 le-

179 1990 268 2034 gitur
281 1991 408 2023 des-unc
429 1990 538 2023 verba
551 1991 763 2031 Metrodorz)
778 1990 875 2024 codd.

178 2035 298 2069 Pariss.
318 2033 418 2068 6385.
441 2032 542 2068 6395.
566 2033 666 2068 8550.
686 2033 787 2068 8551.
804 2034 874 2079 (P2.

178 2079 226 2124 3.)
249 2081 313 2116 ’ὶίθὶ
328 2081 423 2125 (haec
437 2080 538 2113 habet
559 2080 703 2124 spatium
722 2080 873 2124 vacuum)

178 2144 224 2150 —
238 2127 296 2162 24.
351 2127 506 2163 mOE10=
530 2127 649 2166 „Loco
668 2125 735 2158 hoc
757 2125 875 2158 desunt

178 2169 306 2213 aliquot
318 2182 436 2213 graeca
456 2171 568 2211 verba,
591 2182 654 2214 pro
677 2171 793 2214 quibus
807 2182 875 2202 no-

177 2221 229 2247 tas
247 2214 375 2258 aliquot
395 2215 588 2255 invenimus,
614 2215 674 2247 sed
693 2227 734 2247 ex
757 2215 873 2258 quibus

176 2259 260 2292 nihil
293 2259 416 2292 licebat
450 2260 651 2293 coniicere.“
709 2261 804 2292 Grut.
838 2260 872 2291 in

176 2303 235 2337 Pl.
253 2302 286 2337 4.
316 2304 387 2337 Col.
408 2315 507 2337 voces
531 2305 673 2337 Graecas
695 2303 873 2336 duodecim

177 2349 250 2382 fere
274 2348 419 2388 invenit,
443 2349 504 2381 sed
527 2348 674 2392 quamvis
695 2348 871 2392 Sylburgio

176 2400 212 2427 et
223 2394 428 2428 Commelino
444 2393 614 2427 advocatis
634 2393 771 2436 agnovit
791 2399 872 2426 tan-—

174 2446 247 2472 tum
266 2439 308 2472 ab
329 2439 426 2472 initio
451 2436 669 2483 μητροδώρου
694 2450 818 2471 nomen
838 2444 872 2471 et

175 2484 210 2518 in
231 2484 297 2518 fine
315 2484 399 2518 haec
420 2484 492 2517 fere
525 2495 649 2527 καρπον
678 2486 783 2527 ηδονη
808 2485 872 2526 Cn·-

174 2540 241 2565 τειν
255 2541 368 2565 τουτον
391 2541 478 2564 κατα
495 2540 607 2564 τουτον
627 2540 751 2571 καιρον.
777 2530 871 2562 Eun-

175 2574 253 2608 dem
276 2575 455 2608 Gruterum
480 2573 615 2607 Lectius
639 2573 770 2607 monuit
801 2575 867 2607 Ios.

174 2620 377 2663 scaligerum
413 2631 453 2652 ex
494 2618 647 2664 antiquae
689 2618 870 2662 scripturae

174 2664 321 2708 vestigiis
334 2665 434 2699 verba
448 2665 575 2698 Graeca
594 2663 774 2696 restituisse
785 2663 869 2718 Μη-

174 2707 346 2753 τρόδωρος
373 2709 398 2753 τί
428 2708 511 2745 στοὰ
539 2709 597 2732 ***
608 2709 666 2731 ***
690 2707 775 2752 πρὸς
806 2720 868 2751 την

172 2751 325 2791 dicerem.
367 2754 455 2790 ἔστιν
483 2751 513 2789 τ’
535 2754 639 2794 αἴτιος
669 2751 776 2799 ἡδονή
808 2753 868 2788 καὶ

174 2795 261 2843 αὕτη
283 2798 371 2835 κατὰ
388 2801 502 2835 τοῦτον
523 2798 580 2836 τὸν
602 2796 738 2843 καιρόνε
772 2799 867 2832 lacu-

172 2856 249 2877 nam
263 2856 344 2879 vero
362 2845 410 2878 sic
423 2856 494 2879 esse
513 2844 731 2890 supplendam
742 2841 767 2890 ἦ
784 2843 868 2880 στοὰ

675 857 739 900 De
770 858 909 913 quibus
938 874 1018 900 non
1047 859 1181 905 dubito
1211 859 1301 915 quid
1330 860 1386 901 sis
1414 873 1618 901 sensurus.

927 949 1123 994 δογματίζει
1153 947 1241 989 mag
1266 947 1396 994 ἡδονῆς
1423 946 1507 985 εἶναι
1536 961 1621 993 συγ-

926 995 1054 1039 γένειαν
1076 993 1172 1039 πρὸς.
1211 995 1464 1039 Dalechampius
1484 1007 1525 1028 ex
1545 995 1620 1028 cod.

928 1040 1046 1084 Scalig.
1075 1041 1139 1084 (est
1158 1046 1273 1073 noster
1295 1040 1337 1083 G)
1369 1040 1452 1073 haec
1483 1039 1621 1074 concin-

926 1097 1022 1117 nasse
1041 1084 1104 1117 sibi
1115 1085 1201 1117 visus
1213 1091 1282 1117 est:
1315 1082 1545 1128 Μητροδώρου
1562 1097 1621 1128 μι-

924 1131 1048 1175 χὲεῖσα
1071 1126 1261 1174 εὐφροσύνη
1274 1128 1407 1175 (ἡδονή)
1425 1127 1549 1176 ἀηδείᾳ
1569 1132 1621 1169 τίς

923 1173 988 1219 γὰρ
1010 1174 1096 1218 ἐστὶ,
1123 1174 1175 1209 σοὶ
1196 1173 1255 1219 μὲν
1272 1175 1419 1220 ζητητέη
1437 1174 1524 1210 κατὰ
1538 1175 1620 1210 τοῦ·

925 1231 979 1254 τον
1001 1218 1059 1254 τὸν
1079 1219 1208 1265 χρόνον.
1255 1220 1344 1253 Hinc
1365 1221 1621 1256 &to—‘Ra=

925 1264 960 1298 Μ
966 1266 1102 1310 ιχὸεῑσα
1118 1262 1225 1308 ήδονῆ
1245 1262 1370 1311 ἀηδείᾳ
1387 1265 1439 1304 τίς
1455 1263 1520 1309 γὰρ
1534 1264 1619 1309 ἐστὶ,

928 1309 988 1364 σοὶ,
1018 1309 1077 1354 μὲν
1113 1309 1282 1362 ’ςζητῖπέημ
1302 1307 1403 1362 κατὰ.
1418 1311 1532 1345 τοῦτον
1561 1308 1620 1346 τὸν

926 1356 1428 1434 {5⁰33”·a1;{;¹¹'{;s⁰{a¹:3“3{1133
1456 1355 1619 1446 {¹225}ss

929 1446 1073 1486 Graeca,
1098 1445 1158 1478 sed
1179 1445 1227 1478 sic
1253 1446 1453 1490 depravata,
1477 1451 1516 1479 ut
1536 1446 1618 1479 nihil

925 1491 1074 1535 potuerit
1094 1491 1174 1525 erui.
1198 1491 1343 1524 Sanctol.
1369 1491 1486 1532 „Heic,
1500 1490 1617 1536 inquit,

927 1537 999 1569 fere
1021 1548 1135 1569 omnes
1150 1536 1215 1581 (pp)
1226 1536 1415 1570 Metrodori
1433 1536 1535 1570 verba
1556 1548 1618 1569 ex·-

926 1581 1064 1620 l1ibent3
1089 1581 1148 1614 sed
1169 1581 1411 1614 characteribus
1432 1582 1518 1615 adeo
1539 1593 1618 1615 cor-

923 1627 1028 1670 ruptis
1051 1626 1259 1670 invicemque
1278 1627 1557 1670 discrepantibus,
1581 1633 1617 1659 ut

925 1671 1003 1715 quid
1022 1671 1085 1703 sibi
1105 1671 1210 1704 velint
1238 1671 1441 1715 impossibile
1459 1671 1504 1704 sit
1529 1671 1617 1706 divi-

922 1720 1038 1748 nare.“
1087 1718 1110 1748 B
1122 1719 1223 1759 Arg.a
1236 1732 1281 1744 =
1292 1716 1617 1750 ΜΗΤΡΟΔΟΡΟΥ

921 1761 1241 1795 ΕΠΙΟΤΟΛΑΩΝ
1264 1762 1387 1795 TPOC
1407 1761 1477 1795 ΤΗ
1530 1761 1616 1795 ΝΑ-

923 1806 1136 1840 ΔΕΔΦΗΝ.
1205 1806 1352 1840 ECTIN
1416 1806 1616 1840 FAPTIOC

922 1851 1176 1886 ΗΔΟΝΗΑΙΚ
1195 1851 1389 1885 ΥΤΤΗΟΟ
1431 1851 1616 1885 ΥΤΤΕΙΝ

922 1896 1048 1930 ΚΑΤΑ
1066 1897 1261 1931 ΤΟΥΤΟΝ
1285 1896 1384 1931 ΤΟΝ
1407 1895 1614 1930 ΚΑΤΡΟΝ.

925 1942 956 1974 G
969 1958 1015 1970 =
1030 1941 1365 1976 ΗΗΤΡΟΔΟΡΟΥ.
1411 1941 1616 1975 EHIcTo-

921 1988 994 2021 ΛΑ.
1053 1986 1368 2021 ΩΗΤΡΟΟΤΗΗ.
1415 1985 1615 2021 ΑΑΒΕΗΗ

921 2032 1073 2066 ECTIH
1089 2032 1290 2066 FAPTIOC
1309 2031 1486 2066 HDOHH
1497 2030 1614 2065 RYT-

922 2077 991 2111 ΤΗ
1024 2077 1151 2111 ΚΑΤΑ
1181 2076 1278 2112 ΤΟΥ
1315 2076 1419 2111 ΤΟΗ
1447 2075 1613 2111 AGPOH.

922 2135 940 2155 e
951 2138 998 2151 =
1007 2125 1051 2156 A.
1065 2134 1098 2155 a.
1111 2123 1160 2157 Ιιι.
1167 2135 1225 2168 po.
1238 2133 1291 2155 ao.
1306 2133 1360 2167 po.
1372 2134 1421 2154 re.
1431 2129 1495 2154 tue.
1508 2129 1545 2154 to
1556 2133 1580 2154 a
1589 2133 1613 2154 a

919 2170 1090 2212 Antpoct
1110 2179 1182 2199 nm.
1205 2179 1239 2200 a.
1261 2167 1330 2199 dea
1350 2178 1385 2208 ῃ.
1410 2178 1445 2199 n.
1479 2168 1569 2200 Edu
1588 2177 1613 2199 n

909 2212 1041 2258 fapcio
1061 2211 1175 2244 chaon
1195 2211 1300 2245 lzacrt
1327 2211 1446 2244 thoart
1463 2223 1484 2244 c
1501 2211 1612 2245 cair*-

919 2267 1001 2290 rata
1021 2265 1203 2289 cortanton
1223 2257 1367 2302 kaepon.
1394 2255 1528 2300 Erlang.
1545 2255 1612 2301 (vi-

918 2302 1016 2334 detur
1039 2301 1128 2335 idem
1152 2313 1224 2334 esse
1246 2313 1285 2334 ac
1305 2307 1421 2334 noster
1441 2301 1472 2345 e)
1493 2315 1544 2335 =.
1557 2303 1612 2334 E-

917 2355 1000 2380 ctun
1008 2346 1043 2392 s
1037 2347 1135 2392 aptio
1144 2346 1370 2380 chaonlzakrt
1377 2346 1612 2380 thoonxceir-

918 2401 1002 2425 rata
1033 2399 1215 2425 cortonton
1245 2392 1310 2425 kat
1334 2402 1389 2426 on.
1435 2393 1474 2424 In
1511 2390 1609 2425 codd.

916 2437 1034 2471 Pariss.
1055 2434 1156 2470 6380.
1179 2433 1279 2471 6394.
1325 2436 1338 2444 ’
1390 2461 1398 2468 .
1413 2434 1504 2470 8717
1527 2447 1611 2469 con·-

916 2482 1099 2560 ⁸¹ii⁰³3¹i¹ffi
1118 2481 1370 2560 Ἷὲὶῖἓὲῗῃὲοῗῗ
1388 2481 1610 2570 ἃξέζὲῗὲῗὲ

915 2540 935 2560 a
959 2540 993 2560 m
1453 2560 1456 2562 ,

915 2573 1004 2606 hunc
1034 2573 1145 2606 locum
1167 2571 1408 2605 emendandum
1426 2570 1535 2603 nullus
1565 2570 1610 2603 sit

916 2629 1002 2650 usus.
1050 2619 1146 2650 Ianus
1179 2629 1220 2649 ex
1244 2618 1270 2649 Β
1291 2623 1326 2650 ct
1350 2615 1483 2659 Erlaug.
1506 2615 1608 2648 verba

915 2662 1103 2697 Metrodori
1121 2662 1170 2695 sic
1190 2660 1392 2695 restituenda
1406 2671 1478 2693 esse
1517 2666 1606 2692 utat:

905 2704 1014 2743 ’Έστι
1033 2706 1097 2752 γάρ
1116 2719 1168 2747 τις
1186 2705 1246 2742 καὶ
1264 2704 1349 2750 πρὸς
1369 2702 1475 2748 λύπην
1522 2716 1608 2748 ρτιος

913 2751 1033 2809 ‘tio-owi-
1075 2749 1263 2808 ζτηλικαύξη
1293 2761 1346 2786 σοι
1373 2749 1492 2794 πρέπει
1520 2747 1609 2784 κατὰ

912 2795 1607 2885 {53521223‘3„ss‘fflassstssssssssffss‘335
