1742 3094
122 261 286 301 XXVIII
700 224 992 296 PRAEFATIO.

125 373 314 406 versionem
338 369 618 413 Francogallifflm
652 368 897 401 retractandam
931 368 1046 401 scribit
1069 368 1232 412 Naigeon.
1256 368 1324 401 vid.
1349 371 1493 401 Oeuvres
1525 368 1568 400 de

126 431 279 473 Se'neque
303 435 385 460 tom.
411 428 454 458 11.
480 438 512 469 p.
541 425 591 459 11.
641 425 794 467 (Contuli
829 437 903 457 cum
927 426 962 461 Q
973 451 984 469 Ι
1020 437 1088 457 non
1110 431 1222 457 tamen
1255 437 1369 458 omnes
1399 425 1568 468 epistolas.

129 486 183 519 Cf.
204 485 291 517 Hain
310 485 445 527 Repert.
466 482 552 514 Bibl.
577 482 620 513 N.
635 479 755 514 14590.
780 481 864 514 Bibl.
886 484 1004 526 Spenc.
1022 487 1104 513 tom.
1122 483 1165 515 ΙΙ.
1184 481 1228 513 Ν.
1245 478 1324 514 419.
1352 493 1386 525 p.
1399 479 1570 525 338sqq.)

216 539 248 573 6.
297 541 342 575 Ξ.
366 539 491 572 Editio
515 538 712 570 Tarvisina
736 550 771 571 α.
798 539 898 576 1478.
922 538 995 570 Fol.
1015 537 1090 570 foll.
1109 536 1187 571 215.
1208 538 1290 570 linn.
1310 536 1368 571 53.
1415 536 1569 570 Initium:

126 598 260 643 Incipit
290 596 393 628 Lucii
418 595 540 627 Annei
559 594 714 627 Senecae
749 594 978 627 cordubensis
1008 593 1099 627 liber
1122 593 1168 627 de
1190 594 1366 628 moribus:
1393 593 1407 638 ΙΙ
1447 593 1485 626 in
1506 603 1574 638 quo

128 654 349 687 notabiliter.
395 651 468 684 Fol.
494 650 592 683 2l5a
615 657 693 694 post
716 651 940 694 Epistolarum
964 651 1063 682 finem
1085 650 1226 693 legitur:
1259 650 1368 683 Liber
1397 649 1572 695 epistola-

129 722 207 744 rum
235 708 470 741 moralissimi
492 707 648 740 Senecae
675 706 688 751 ΙΙ
708 707 802 751 finit
813 707 1016 754 foeliciter.
1061 706 1211 751 sequitur
1231 707 1334 739 index
1355 707 1515 739 librorum
1538 711 1574 738 ct

131 766 294 800 clausula:
330 766 548 810 Impressum
571 763 734 796 Tarvisii
754 775 820 809 per
842 764 1071 796 Bernardum
1093 764 1139 796 de
1161 763 1310 796 Colonia
1337 763 1350 807 ΙΙ
1378 765 1486 796 Anno
1507 762 1576 794 do-

133 823 225 856 mini
241 821 527 854 M.cc'cc.l.XX
534 821 569 853 V
567 821 640 853 ΙΙΙ.
677 819 828 852 Litterae
850 826 926 851 sunt
943 819 1117 852 Gothicae.
1165 819 1301 863 Repetit
1322 819 1378 851 hic
1394 818 1479 850 liber
1499 817 1575 850 edi-

129 879 257 911 tionem
269 876 545 921 Neapolitanam:
571 875 632 909 sed
656 875 782 908 omittit
806 876 935 915 omnia,
962 887 1046 920 quae
1067 876 1124 908 illa
1147 876 1251 908 habet
1270 876 1306 908 in
1328 874 1438 907 media
1461 880 1576 906 eme-

131 935 177 967 mi
193 933 419 978 quaternionis
443 932 576 977 plagula
601 934 681 976 (Ep.
701 931 775 972 120,
792 931 844 966 10.
871 943 941 964 non
958 931 1082 965 deesse
1107 932 1142 965 ei
1164 932 1202 964 in
1226 931 1286 964 his
1309 950 1351 955 —
1375 931 1438 973 Ep.
1455 927 1575 970 1222.

133 1004 198 1024 nec
229 991 400 1023 orientem
433 991 632 1034 umquam),
669 1000 743 1020 cum
777 988 912 1020 librario
946 999 1097 1020 mancum
1130 988 1298 1031 exemplar
1331 985 1491 1019 traditum
1522 985 1576 1017 sit.

133 1050 243 1090 Atque
266 1047 366 1078 etiam
389 1045 468 1078 alibi
491 1045 579 1076 inter
603 1056 640 1076 se
663 1044 782 1076 leviter
795 1043 996 1087 discrepant.
1043 1045 1118 1076 Hoc
1142 1043 1228 1076 libro
1253 1043 1302 1075 usi
1315 1049 1393 1074 sunt
1409 1043 1575 1080 Erasmus,

136 1103 191 1148 qui
214 1102 331 1134 habuit
354 1101 524 1145 exemplar
537 1100 707 1144 Rudolphi
719 1100 892 1143 Agricolae
915 1100 1004 1132 notis
1029 1106 1063 1132 et
1084 1099 1282 1132 coniecturis
1297 1106 1462 1139 ornatum,
1488 1098 1579 1130 Gro-

137 1159 275 1198 novius,
302 1157 641 1200 Schweighaeuserus.
689 1156 761 1197 (Cf.
784 1156 870 1188 Haiu
895 1157 977 1199 Rep.
1001 1156 1086 1188 Bibl.
1111 1157 1156 1189 N.
1178 1153 1299 1190 14591.
1346 1155 1431 1188 Bibl.
1457 1156 1578 1198 Spene.

136 1223 220 1248 tom.
245 1216 288 1247 ΙΙ.
312 1215 357 1246 N.
381 1213 461 1247 420.
484 1225 518 1257 p.
542 1210 622 1246 340.
669 1214 745 1256 Ipse
767 1211 925 1256 possideo
947 1212 1098 1255 librum.)

228 1269 263 1305 7.
309 1271 356 1305 23.
380 1270 505 1302 Editio
529 1270 665 1302 Veneta
700 1268 858 1301 secunda
881 1280 915 1301 a.
943 1269 1043 1306 1492.
1089 1267 1162 1301 Fol.
1186 1266 1255 1301 208
1290 1267 1373 1301 folia
1404 1277 1582 1299 numeran-

138 1335 212 1368 tur,
250 1326 366 1370 quibus
400 1325 467 1358 duo
502 1325 573 1357 sine
607 1335 744 1356 numero
767 1330 844 1356 sunt
867 1324 1020 1367 praefixa.
1069 1324 1150 1356 linn.
1173 1322 1230 1357 62.
1250 1324 1325 1357 Fol.
1347 1323 1363 1358 l
1386 1335 1415 1356 a.
1439 1323 1580 1366 legitur:

140 1385 270 1416 Senece
304 1382 425 1413 omnia
458 1393 576 1426 opera.
626 1382 641 1413 1
656 1381 689 1412 b.
730 1387 808 1423 post
831 1379 974 1413 indicem
995 1379 1175 1413 librorum:
1213 1380 1375 1413 Venetiis
1396 1380 1584 1426 impressa.

140 1439 438 1473 M.CCCC.XCII.
474 1437 535 1469 die
565 1436 695 1469 ultima
725 1435 888 1469 octobris.
947 1438 1022 1469 Per
1044 1436 1275 1469 Ber-nardina
1291 1435 1306 1482 1}
1345 1436 1392 1469 de
1414 1436 1518 1468 Coris
1539 1434 1586 1467 de

139 1500 321 1529 Cremona.
349 1493 363 1539 ΙΙ
404 1494 615 1538 Registrum
646 1493 866 1525 chartarum.
913 1492 986 1525 FoI.
1011 1491 1034 1524 2
1048 1504 1077 1524 a.
1126 1493 1261 1525 Seneca
1286 1491 1402 1525 Paulo
1426 1491 1440 1536 ΙΙ
1478 1491 1585 1523 Pno-

81 1540 92 1549 ⁸
140 1552 287 1585 LOGVS
322 1551 454 1582 BEATI
488 1549 747 1580 HIERONYMI
782 1548 920 1580 SVPER
953 1549 1191 1581 EPISTOLIS.
1239 1547 1311 1580 Fol.
1338 1546 1362 1580 3
1377 1559 1408 1579 a.
1454 1546 1587 1578 LIBER

141 1608 306 1642 PRIMVS
334 1606 348 1650 11
385 1604 508 1637 LVCII
532 1604 673 1635 ANNEI
707 1603 906 1635 SENECAE
938 1604 998 1636 AD
1033 1604 1253 1637 LVCILIVM
1274 1601 1588 1636 EPISTOLARVM

141 1664 274 1696 LIBER
296 1662 472 1694 PRIMVS.
519 1660 546 1691 F
549 1659 593 1691 ol.
618 1657 686 1691 210
696 1659 730 1691 b.
753 1659 787 1691 in
811 1658 931 1702 pagina
954 1660 1038 1692 ima:
1081 1660 1239 1705 Explicit
1273 1659 1365 1693 liber
1397 1666 1522 1691 sextus·
1552 1666 1588 1690 et

142 1719 290 1752 ultimus
312 1716 647 1750 controversiarum.
694 1716 859 1758 Repetere
883 1715 1014 1748 videtur
1037 1715 1090 1748 ed.
1105 1717 1269 1748 Venetam
1284 1716 1424 1760 primam
1446 1715 1505 1758 (V
1503 1725 1588 1747 eno-

144 1777 208 1809 tiis
228 1787 296 1820 per
319 1772 587 1806 Bet-nardinum
609 1772 654 1804 de
677 1773 850 1803 Cremona
873 1779 907 1803 et
931 1771 1106 1804 Simonem
1129 1772 1174 1804 de
1196 1774 1324 1805 Lucro.
1370 1771 1442 1804 Die
1467 1771 1511 1804 V.
1535 1772 1587 1802 O·

144 1830 276 1865 ctobris
300 1829 554 1863 M.CCCG.X0.
580 1827 625 1859 ef.
648 1826 735 1859 Hain
759 1828 842 1871 Rep.
862 1827 947 1859 Bibl.
971 1827 1016 1859 N.
1041 1824 1162 1861 14593.
1186 1827 1271 1860 Bibl.
1298 1830 1418 1871 Spene.
1439 1832 1523 1859 tom.
1544 1827 1587 1858 11.

145 1889 189 1921 N.
211 1884 289 1920 421.
314 1898 349 1929 p.
371 1883 442 1918 340
458 1885 527 1927 sq.)
553 1895 650 1927 quam
673 1889 826 1915 excutere
850 1894 919 1915 non
942 1882 1052 1923 licuit,
1077 1882 1137 1915 sed
1160 1890 1288 1916 mutato
1311 1883 1471 1916 librorum
1494 1881 1590 1915 ordi-

146 1955 200 1976 ne.
248 1945 467 1975 Accesserant
489 1940 556 1971 iam
578 1939 612 1970 in
636 1939 693 1971 illa
716 1938 892 1971 Naturales
918 1939 1136 1979 Quaestione:
1171 1945 1206 1971 et
1242 1939 1332 1972 liber
1354 1940 1400 1972 de
1422 1938 1590 1971 liberali-

148 1999 212 2032 bus
235 1998 370 2031 studiis
392 1997 472 2039 (Ep.
484 1993 541 2028 88.
561 2006 622 2027 suo
644 1995 722 2027 loco
745 2006 814 2027 non
838 1994 987 2037 omissa).
1024 1994 1195 2039 Epistolae
1217 1995 1252 2027 in
1266 1995 1370 2028 XXII
1391 1995 1495 2027 libros
1513 1999 1591 2026 sunt

149 2055 273 2088 divisae
305 2063 481 2095 earumque
518 2057 692 2084 contextus
727 2062 826 2094 saepe
850 2050 965 2082 differt
987 2051 1029 2083 ab
1052 2051 1176 2086 θίᾓῖπε
1216 2057 1253 2082 ut
1276 2050 1412 2083 dubium
1444 2061 1514 2082 non
1535 2049 1589 2088 sit,

148 2111 229 2154 quin
249 2109 326 2141 libri
348 2107 426 2140 msti
450 2107 517 2138 sint
538 2106 691 2138 adhibiti.
738 2107 825 2138 Usus
849 2113 900 2138 est
923 2106 987 2138 hac
1007 2105 1154 2138 editione
1180 2106 1505 2148 Schweighaeuser-as
1527 2116 1591 2137 unu

151 2177 224 2200 cum
259 2176 318 2203 ea,
357 2174 455 2206 quam
482 2163 646 2194 Venetam
678 2161 813 2192 tertiam
844 2161 1037 2204 plerumnque
1067 2161 1237 2204 appellant
1269 2162 1422 2202 (Panzer
1443 2159 1512 2193 vol.
1533 2160 1591 2193 IV.

148 2235 182 2266 p.
206 2218 313 2261 480),
338 2218 409 2261 ipse
431 2223 540 2249 autem
563 2216 702 2259 primam
727 2227 800 2247 esse
822 2222 930 2259 putat.
977 2216 1051 2248 Hos
1072 2216 1175 2249 libros
1191 2228 1267 2249 raro
1290 2215 1461 2260 scripturis
1479 2215 1594 2248 divet-

148 2289 204 2310 ωε
239 2286 310 2307 esse
342 2273 431 2305 idem
455 2272 565 2304 docet.
615 2271 696 2313 (Cf.
716 2271 804 2304 Hain
827 2273 910 2315 nep.
937 2271 1021 2304 Bibl.
1053 2272 1100 2304 N.
1129 2269 1251 2306 14594.
1306 2273 1386 2305 Meo
1418 2270 1596 2316 exemplari

152 2332 257 2372 ntor.)

248 2451 304 2494 ΙΙ.
365 2451 478 2493 Libri
507 2451 596 2492 inde
626 2450 673 2492 ab
704 2449 873 2492 Erasmo
904 2451 952 2492 ad
983 2449 1267 2492 Gothofredum
1297 2452 1510 2508 impressi:

247 2541 277 2575 1.
325 2542 388 2579 ΕΙ.
413 2541 536 2574 Editio
558 2540 704 2574 Erasmi
721 2540 855 2585 prima.
902 2540 976 2572 Fol.
998 2540 1146 2573 Basileae
1169 2553 1199 2573 a.
1222 2540 1320 2574 1515.
1347 2540 1436 2585 apud
1461 2543 1487 2573 1.
1507 2541 1596 2573 Fro—

155 2599 299 2633 benium.
350 2597 506 2630 Continet
530 2596 656 2636 eadem,
682 2608 765 2640 quae
788 2602 866 2628 sunt
887 2595 922 2628 in
945 2596 1145 2628 editionibus
1160 2596 1309 2637 Venetis,
1332 2603 1462 2630 mutato
1482 2602 1595 2628 tamen

157 2655 275 2689 ordine
299 2661 333 2686 et
355 2653 472 2686 addito
495 2652 604 2685 Ludo.
652 2653 772 2684 Parum
797 2663 917 2695 operae
940 2652 1011 2695 ipse
1022 2654 1176 2684 Erasmus
1198 2658 1357 2696 posuerat
1378 2653 1412 2684 in
1434 2652 1499 2684 hac
1521 2651 1597 2683 edi-

156 2711 249 2744 tione
268 2709 479 2748 adornanda,
505 2719 588 2752 quae
610 2708 644 2739 in
667 2707 816 2751 plurimis
839 2708 963 2751 repetit
986 2714 1179 2741 contextum
1190 2710 1408 2746 Venetam,
1433 2718 1502 2739 non
1521 2718 1597 2739 raro

161 2775 271 2800 tamen
296 2766 338 2799 ab
357 2765 396 2797 iis
417 2765 547 2796 differt:
573 2762 793 2806 negligentius
815 2763 916 2795 etiam
939 2775 974 2795 se
997 2771 1170 2807 gesserunt
1190 2763 1326 2803 librarii,
1350 2774 1423 2795 eum
1445 2764 1599 2795 Erasmus

161 2824 292 2856 abesset
315 2821 350 2854 in
371 2820 502 2864 Anglia.
528 2819 615 2852 cuius
640 2818 860 2862 negligentiae
883 2820 1068 2863 exemplum
1089 2820 1204 2853 notavi
1231 2819 1274 2851 ad
1296 2820 1359 2862 Ep.
1382 2817 1438 2858 52,
1457 2815 1493 2851 7.
1539 2818 1598 2850 Usi

164 2885 242 2911 sunt
265 2878 330 2911 hoc
353 2877 439 2909 libro
462 2874 652 2908 Gronovius
676 2882 710 2906 et
734 2875 1082 2918 Schweighaeuserus:
1108 2887 1171 2919 ego
1191 2881 1267 2908 utot
1289 2885 1366 2907 meo
1389 2873 1578 2917 exemplari.
