1742 3094
152 252 278 293 xv111
721 252 1014 292 PRAEFATIO.

155 372 256 398 cerus
288 364 368 396 olim
391 363 608 407 possederat,
644 374 705 395 nec
728 370 840 395 tamen
873 362 1083 395 laudaverat:
1119 362 1160 394 ad
1185 363 1322 396 alteram
1345 363 1380 406 b)
1401 362 1594 408 Erfuuen-

157 432 250 460 sem,
285 421 313 452 I.
338 420 378 452 G.
402 419 537 452 Graevii
572 431 674 463 opera
698 419 928 463 impetratum,
970 420 1081 463 (quem
1107 419 1230 452 frustra
1251 419 1396 463 quaesivi
1418 419 1594 452 Erfordiae

157 484 192 509 et
213 475 379 508 Berolini:
418 487 485 507 non
519 475 606 507 enim
634 482 683 506 est
717 478 746 507 A
766 476 894 518 noster)
928 482 962 507 et
999 475 1029 518 c)
1055 475 1131 509 cod.
1151 475 1233 508 Nic.
1260 475 1419 508 Heinsii.
1466 475 1594 507 Horum

159 539 312 565 neutrum
334 531 444 575 plures
466 543 563 574 quam
582 529 627 563 88
648 530 775 573 priores
796 531 954 575 epistolas
975 530 1128 563 habuisse
1149 543 1188 563 ex
1213 531 1374 564 Gronovii
1397 530 1485 563 notis
1509 541 1594 563 con-

157 588 255 621 stat.⁴
285 589 459 620 Praeterea
483 588 556 619 Alb.
585 587 751 618 Rubenius
782 587 914 620 miserat
937 593 1092 631 excerpta
1122 599 1161 619 ex
1193 587 1285 620 mstis
1320 587 1356 631 d)
1384 586 1597 620 Bruxellen-

159 644 258 677 sibus
280 644 434 682 duobus,
471 644 502 686 e)
529 644 786 683 Torrentiano,
821 644 850 686 s)
875 644 1068 677 Leodiensi
1078 668 1087 684 ,
1119 644 1152 687 g)
1178 643 1450 684 Cambmncnsi,
1472 643 1508 686 h)
1536 643 1596 674 [η-

160 701 297 734 salano.
346 699 578 732 Membranae
601 708 756 739 nostrae,
781 710 861 744 quas
882 699 1003 743 passim
1025 700 1150 743 laudat,
1173 700 1330 733 videntur
1350 699 1500 733 codicem
1519 698 1598 732 oli1n

161 756 395 789 Gruterianum
421 755 619 798 significare.
666 755 759 788 Libri
783 756 989 789 Gronoviani
1020 768 1094 788 cum
1114 756 1306 789 melioribus
1328 757 1439 789 facere
1467 754 1597 787 solent:

162 820 287 845 certum
309 818 421 844 tamen
444 811 486 843 de
519 811 654 855 singulis
678 811 834 844 iudicium
865 818 1011 856 propter
1038 824 1145 845 raram
1169 824 1285 845 eonun
1308 810 1600 845 commemoratio—

161 880 237 901 nem
259 879 328 900 non
352 867 451 900 facile
473 867 646 911 qnisquam
668 868 856 911 protulerit.

250 946 318 982 11.
354 938 525 982 Codices
548 939 775 996 Ruhkopfii.
811 947 866 989 (L.
893 946 1037 978 Annaei
1058 946 1212 978 Senecae
1235 945 1331 979 Phil.
1344 947 1460 991 Opera
1473 944 1603 976 Omnia

160 1027 206 1033 --
231 1008 437 1052 recognovit
462 1016 495 1039 et
532 1008 731 1040 illustravit
754 1009 815 1039 Fr.
840 1008 925 1038 Em.
948 1004 1133 1051 Ruhkopf.
1171 1006 1238 1038 vol.
1261 1011 1295 1044 2.
1334 1005 1482 1051 Lipsiae
1503 1003 1600 1036 1800.

163 1065 232 1097 vol.
257 1068 289 1101 3.
313 1063 358 1095 ib.
387 1060 499 1105 1805.)
1460 1086 1462 1088 -

255 1119 461 1163 Ruhkopfius
484 1125 659 1163 acceperat
683 1131 702 1151 a
722 1118 892 1150 Friderico
916 1118 1037 1152 Christ.
1061 1118 1225 1150 Matthiae
1248 1118 1459 1150 collationem
1474 1118 1515 1159 va)
1542 1128 1602 1148 co-

165 1176 260 1209 dicis
279 1176 513 1221 Amploniani
524 1200 533 1216 ,
558 1175 601 1207 de
623 1186 689 1219 quo
713 1174 800 1207 inter
829 1181 962 1207 nostros
982 1174 1085 1206 libros
1105 1173 1226 1209 dicturi
1247 1185 1376 1214 sumus,
1402 1173 1444 1206 ab
1465 1173 1604 1205 Harles-

165 1232 215 1264 sio
239 1238 349 1264 autem
375 1231 569 1264 collationes
597 1231 632 1274 b)
656 1230 791 1264 codicis
814 1230 1131 1275 Norimbergensis
1153 1237 1187 1262 et
1206 1230 1236 1274 c)
1262 1229 1524 1276 Erfordiensis‚
1549 1229 1604 1261 di-

170 1288 257 1321 versi
280 1287 321 1320 ab
347 1287 570 1331 Amploniauo
603 1287 712 1331 (hunc
734 1298 865 1331 quoque
886 1286 1010 1319 frustra
1029 1286 1210 1332 quaesivi).
1257 1286 1376 1319 Libros
1395 1285 1604 1319 ,Not-imber-

165 1356 311 1389 gensem
333 1350 368 1376 et
388 1343 662 1389 Ersmtliensem
682 1342 888 1386 conspirasse
910 1342 957 1375 ait
981 1354 1053 1375 cum
1076 1343 1281 1374 Gruterianis
1301 1354 1363 1375 nec
1381 1342 1416 1374 in
1435 1341 1518 1375 locis
1539 1341 1604 1373 du-

166 1399 228 1431 biis
253 1406 311 1431 aut
335 1399 498 1443 corruptis
525 1398 703 1443 quidquam
733 1398 843 1430 auxilii
862 1398 1053 1442 praebuisse
1083 1398 1206 1442 quippe
1232 1410 1250 1430 e
1275 1398 1390 1431 codice
1419 1397 1607 1433 recentiore

167 1455 364 1500 desctiptos.
410 1456 534 1488 Paucas
558 1461 690 1487 tantum
710 1454 830 1487 horum
857 1454 1017 1487 librorum
1038 1454 1217 1498 scripturas
1236 1455 1369 1498 profert
1390 1453 1606 1498 RuhkopfiuS.

167 1511 293 1543 Passim
316 1511 416 1543 etiam
446 1511 560 1543 laudat
592 1511 627 1554 d)
649 1511 725 1543 cod.
745 1511 1029 1555 Erlungensem,
1065 1510 1153 1542 euius
1183 1510 1383 1553 scripturas,
1415 1516 1452 1541 ut
1476 1509 1605 1554 opinor,

167 1567 256 1599 idem
279 1567 463 1599 Harlessius
487 1566 768 1610 suppeditaverat.
1416 1566 1419 1569 “

257 1646 324 1681 12.
360 1637 530 1681 Codices
554 1637 937 1693 Schweighaeuseri.
971 1645 1025 1688 (L.
1039 1644 1185 1693 Annaei
1204 1644 1360 1677 Senecae
1381 1643 1477 1678 Phil.
1491 1645 1606 1689 Opera

169 1708 296 1741 Omnia
318 1724 366 1731 -·
388 1707 456 1740 vol.
478 1709 512 1745 4.
537 1710 688 1753 Arg-ent.
716 1703 829 1750 1809.)
1123 1709 1127 1713 ”

261 1762 297 1806 α)
324 1765 368 1795 Sa
391 1763 495 1809 (Arg.
521 1775 567 1804 a,
604 1775 669 1796 ms.
693 1774 736 1801 a,
773 1775 797 1795 a
828 1762 916 1806 apud
947 1762 1054 1805 ipsum
1078 1760 1199 1804 8wum)
1230 1759 1367 1792 membr.
1397 1772 1464 1792 sec.
1490 1761 1550 1793 IX.
1572 1760 1605 1794 4.

171 1819 244 1853 foll.
270 1817 347 1852 132.
383 1819 448 1852 col.
474 1817 503 1851 1.
531 1818 624 1863 (linn.
654 1817 696 1851 21
724 1825 759 1850 et
777 1817 848 1861 22.)
886 1817 1080 1850 continebat
1116 1817 1196 1849 olim
1225 1817 1359 1849 tertium
1385 1817 1608 1860 Epistularum

171 1875 327 1908 volumen
351 1875 372 1907 i.
399 1886 427 1907 e.
451 1877 513 1918 Ep.
538 1872 723 1907 89-124,
748 1874 805 1908 lib.
826 1874 1077 1907 le—XX.:
1111 1872 1173 1905 sed
1196 1883 1269 1905 cum
1289 1872 1414 1916 primus
1433 1873 1606 1906 fasciculus

170 1931 435 1964 membranarum
455 1929 604 1974 perditus
627 1936 714 1962 esset
734 1927 985 1974 (Ep.89—90‚
1003 1927 1037 1962 7.
1062 1940 1127 1962 nos
1149 1929 1292 1974 magnis
1310 1929 1501 1974 multisque
1521 1942 1606 1962 con-

171 1986 267 2032 que),
290 1987 325 2019 in
345 1987 412 2019 eius
435 1986 546 2019 locum
567 1986 763 2018 substitutus
786 1992 836 2018 est
869 1985 1043 2018 fasciculus
1066 1984 1190 2029 primus
1214 1984 1391 2017 voluminis
1406 1985 1506 2029 primi
1529 1987 1607 2030 (Se-

174 2054 275 2075 necae
297 2049 331 2074 et
353 2041 445 2074 Pauli
464 2042 644 2086 Epistolae,
670 2043 815 2074 Senecae
838 2041 882 2075 ad
904 2041 1068 2074 Lucilium
1089 2042 1151 2083 Ep.
1176 2039 1192 2072 1
1205 2039 1295 2080 —3‚
1321 2040 1354 2072 5.
1378 2032 1531 2074 alierum
1551 2049 1610 2074 tu-

174 2099 258 2131 tius.
309 2098 369 2130 Sic
400 2097 600 2142 utrosque).
647 2097 737 2129 Finis
767 2096 822 2129 hic
843 2104 914 2129 est:
960 2097 1000 2128 L.
1025 2096 1196 2128 ANNAEI
1219 2095 1418 2127 SENECAE
1444 2098 1506 2128 An
1527 2098 1611 2129 LU-

176 2154 288 2186 CIUM
325 2152 397 2197 [sic
417 2153 485 2185 hoc
506 2163 572 2185 uno
597 2152 698 2194 loco]
732 2152 990 2185 EPISTULAR.
1020 2150 1232 2183 EXPLICIT
1262 2151 1345 2182 Lm.
1366 2151 1449 2183 XX.
1495 2151 1609 2184 Simil—

174 2209 270 2241 limus
301 2217 352 2241 est
374 2215 491 2240 nostro
514 2208 540 2239 B
567 2207 601 2251 (i.
629 2218 658 2239 e.
682 2206 942 2249 Bambergensi).
994 2206 1026 2248 b)
1052 2206 1098 2238 Sb
1120 2207 1223 2251 (Arg.
1238 2204 1267 2238 b.
1283 2230 1293 2247 ,
1327 2206 1447 2250 mab.)
1472 2207 1609 2243 membr.

176 2275 242 2297 sec.
276 2265 338 2296 XI.
373 2263 426 2295 vel
456 2264 535 2295 XII.
567 2261 602 2295 4.
625 2253 705 2294 min.
740 2262 813 2294 soll.
851 2259 926 2294 146.
963 2261 1027 2294 col.
1054 2261 1083 2294 1.
1112 2261 1193 2293 linn.
1218 2259 1274 2294 21.
1307 2262 1610 2296 luculentas-scri-

103 2310 109 2315 .
170 2329 300 2367 ptura,
335 2320 384 2352 ad
414 2319 602 2351 Gothicam
630 2318 771 2363 quidem
802 2329 892 2363 quae
925 2326 1072 2350 vocatur
1100 2317 1229 2350 leviter
1249 2318 1442 2353 inclinans.
1478 2312 1611 2352 'Conti—

175 2376 275 2409 nebat
302 2375 381 2408 olim
411 2376 473 2418 Ep.
500 2373 640 2408 1-52,
665 2371 837 2407 63—88:
861 2373 921 2406 sed
943 2373 1243 2416 Schweighaeuseri
1271 2380 1401 2414 aetate,
1437 2385 1511 2407 cum
1529 2386 1609 2419 per—

136 2438 140 2442 ⁴
174 2431 245 2464 dita
278 2438 365 2463 esset
397 2430 506 2474 aliqua
528 2430 685 2463 foliorum
716 2441 811 2474 pars,
845 2429 975 2462 inerant
1005 2436 1135 2461 tantum
1158 2430 1220 2473 Ep.
1245 2428 1261 2462 1
1286 2448 1321 2454 —
1338 2427 1404 2471 44,
1427 2428 1461 2464 4.
1495 2431 1610 2464 alter—

173 2496 262 2521 nata
286 2488 409 2520 serie-⁹.
467 2486 549 2519 Non
581 2484 677 2529 facit
707 2485 869 2518 nobilem.
915 2486 977 2529 Ep.
998 2483 1063 2524 52,
1098 2484 1150 2518 10.
1185 2485 1308 2518 statim
1340 2486 1419 2519 illis
1449 2495 1484 2519 ee
1516 2487 1613 2532 loqui

174 2552 208 2577 et
229 2544 381 2577 laudare
412 2542 584 2575 licuisse?
617 2552 719 2585 usque
749 2541 793 2573 ad
825 2541 923 2574 finem
955 2540 1102 2574 eiusdem
1124 2540 1285 2585 epistolae
1308 2541 1523 2585 (exciderunt
1553 2542 1608 2575 fa·-

173 2599 312 2632 sciculus
341 2599 402 2630 XI.
430 2604 464 2630 et
483 2599 561 2631 XII.
576 2622 584 2638 ,
620 2597 702 2629 folia
723 2597 832 2641 XVI).
881 2598 945 2641 Ep.
967 2595 1013 2630 63
1026 2616 1063 2621 —-
1078 2596 1142 2638 81,
1161 2595 1216 2630 20.
1243 2609 1379 2630 summa
1410 2597 1611 2642 infelicitas

172 2664 289 2701 urget.
347 2654 469 2694 Liber,
506 2653 562 2697 qui
585 2653 687 2686 habet
721 2652 929 2686 salutationis
965 2653 1142 2686 formulam
1172 2660 1206 2685 et
1236 2655 1271 2686 V
1269 2654 1345 2694 ale,
1379 2652 1467 2685 inter
1489 2652 1608 2685 melio—

170 2722 223 2744 res
254 2717 304 2744 est
327 2710 498 2743 habendus
531 2717 566 2742 et
598 2709 790 2753 plerumque
819 2708 1002 2742 concordat
1036 2721 1108 2741 cum
1137 2708 1213 2742 cod.
1233 2710 1298 2741 Iur.
1326 2715 1362 2740 et
1382 2707 1535 2741 Norimb.
1561 2708 1606 2741 cf.

168 2778 252 2812 quae
288 2766 378 2799 infra
412 2766 454 2798 de
489 2765 607 2798 eodem
633 2765 722 2798 inter
753 2777 845 2798 meos
873 2765 976 2798 libros
1009 2765 1099 2798 dicta
1134 2771 1221 2798 sunt.
1278 2764 1319 2807 c)
1365 2765 1408 2796 Sc
1431 2765 1542 2810 (Arg.
1576 2777 1596 2796 c

167 2835 233 2857 ms.
247 2822 279 2867 c)
301 2822 404 2856 chart.
430 2833 496 2855 sec.
518 2823 611 2854 XIV.
634 2828 691 2854 ant
710 2822 789 2854 XV.
811 2821 856 2854 in.
883 2821 955 2854 foll.
980 2819 1055 2854 189.
1081 2821 1191 2854 forma
1210 2826 1261 2852 eet
1285 2819 1436 2860 maxima,
1460 2819 1608 2864 scriptu—

165 2890 202 2912 ra
224 2878 368 2922 elegans.
395 2877 544 2911 continet
564 2879 627 2920 Ep.
653 2876 670 2910 1
685 2897 727 2902 —
742 2874 818 2910 124.
833 2903 841 2917 ‚
869 2889 952 2921 qnae
974 2877 1099 2910 habent
1125 2876 1236 2917 Vale,
1260 2881 1373 2909 carent
1397 2875 1604 2923 salutationis

1731 2914 1742 2968 ’ἵ
