1742 3094
711 261 1001 301 PRAEFA'I'IO.
1486 262 1576 300 XXI

145 358 355 409 onustum
371 368 458 405 libri
478 372 609 405 Senece
629 384 716 418 quos
733 372 841 406 habet
860 372 1095 406 Reverendus
1112 380 1220 418 pater
1241 372 1425 405 dominus:
1449 373 1491 404 Ρ.
1504 374 1574 404 Dei

144 427 271 474 gracia
289 427 472 475 epicopus
491 427 701 461 tholosanus
721 437 805 462 sune
825 441 891 476 per
911 442 967 462 me
987 429 1241 462 Guidomarum
1261 428 1406 461 deriani
1430 427 1477 460 de
1491 428 1572 473 ple-

145 484 222 517 ctin
238 482 345 530 plene
364 490 400 518 ee
418 483 465 516 de
484 483 588 517 verbo
607 485 657 518 ad
678 483 818 518 verbum
837 486 989 518 correcti
1008 497 1085 518 cum
1107 483 1213 518 libris
1220 483 1387 530 fratrum
1401 484 1575 516 minorum

146 540 192 572 de
209 547 329 573 castro
344 537 461 585 plebis
480 539 619 573 clusine
639 540 814 574 dioecesis
823 543 929 574 Anno
949 541 1157 573 nativitatis
1178 540 1315 573 domini
1325 540 1576 585 MCCCquin-

146 603 207 632 ως
238 595 359 629 adhuc
385 596 470 628 sede
491 595 688 641 apostolica
709 605 883 634 vacanoe5
915 597 1003 629 unde
1023 603 1163 640 apparet
1183 595 1324 629 eundem
1345 595 1465 628 librum
1492 607 1574 634 esse,

149 650 204 695 qui
228 650 262 683 in
282 651 334 692 ssn
356 651 454 696 [Ion-J
477 651 660 698 Scaligeri
673 652 813 692 didon,
849 652 938 685 ouius
958 664 1091 686 manum
1110 651 1229 685 alicubi
1251 652 1426 696 agnovisse
1449 650 1574 684 videor.

147 706 296 751 (contuli
317 718 392 740 cum
413 707 484 750 84.)

191 773 225 818 ε)
249 785 272 817 g
295 773 622 819 (Guelferbytanus.
647 774 735 807 Gud.
753 773 832 808 335.
856 775 960 808 Ebert
971 776 1015 808 N.
1026 774 1120 819 784.)
1134 776 1272 808 membr.
1283 774 1315 808 8.
1326 787 1392 807 sec.
1403 775 1448 807 X.
1469 774 1532 807 col.
1547 775 1575 806 1.

149 828 229 862 linn.
248 828 304 862 Ἄ).
328 836 462 873 praeter
481 829 544 862 alia
564 830 665 862 habet
686 832 831 863 Senecae
848 832 909 874 Ep.
934 829 985 863 16.
1011 829 1064 864 17.
1086 832 1140 864 10.
1161 829 1217 865 47.
1237 830 1294 865 43.
1314 829 1368 863 42.
1389 831 1421 863 5.
1447 829 1498 862 12.
1524 830 1576 862 15.

149 883 184 918 3·
202 881 237 918 4.
254 884 290 917 in
310 885 399 917 foliis
418 882 583 917 59-86-
630 885 696 917 Hic
720 885 826 918 codex
847 887 994 930 quamvis
1013 887 1055 919 ab
1073 887 1208 919 homine
1226 886 1471 931 imperitissimo
1495 886 1578 918 scri-

150 946 228 984 ptus
251 939 513 973 annumerandus
537 946 588 972 ωε
612 940 756 984 optimis.
805 942 953 985 (Contuli
978 954 1052 975 cum
1073 943 1157 985 231.)

227 1006 279 1052 s)
303 1017 333 1038 w
352 1005 680 1051 (Guelferbytanus.
703 1006 759 1046 23,
778 1006 835 1041 32.
859 1009 925 1040 Ms.
939 1011 1022 1052 Aug.
1046 1009 1079 1042 4.
1100 1010 1204 1041 Ebert
1220 1009 1264 1041 N.
1278 1006 1371 1051 779.)
1395 1008 1532 1040 membr.
1545 1006 1576 1040 4.

148 1062 310 1095 sec.·XV.
334 1061 407 1094 roll.
427 1058 483 1095 89.
508 1062 573 1094 ool.
598 1061 630 1095 1.
650 1062 731 1095 linn-
749 1059 805 1096 24.
828 1061 883 1096 27.
907 1061 961 1096 29.
986 1062 1042 1098 31.
1065 1062 1122 1097 32.
1145 1065 1187 1097 ab
1208 1063 1304 1096 initio
1327 1063 1471 1096 mutilus.
1519 1065 1578 1096 In—

148 1124 226 1150 sunt
242 1119 306 1161 Ep.
328 1114 381 1158 16,
404 1116 439 1151 3.
462 1125 502 1150 ue
524 1117 687 1151 dematur
707 1117 781 1151 otio
800 1130 937 1152 nausea
960 1138 1004 1144 —
1028 1117 1084 1152 88.
1111 1120 1158 1163 (in
1180 1119 1285 1153 libros
1307 1131 1375 1152 nou
1396 1119 1577 1163 digaetae):

149 1172 210 1207 aed
233 1174 295 1217 Bp.
315 1171 372 1205 85.
396 1179 544 1206 extremo
561 1173 639 1206 loco
663 1173 774 1218 posita
795 1180 855 1207 αἱ.
903 1174 1014 1207 Habet
1033 1175 1134 1215 Vale,
1157 1182 1249 1208 caret
1269 1175 1479 1209 salutatione.
1517 1175 1580 1207 Li—

150 1229 221 1270 ber,
245 1228 302 1273 qui
319 1228 453 1262 videtur
470 1228 744 1273 inFrancogallia
763 1242 836 1263 esae-
853 1237 1014 1270 exaratus,
1038 1230 1142 1264 multa
1160 1231 1262 1264 habet
1282 1231 1466 1275 scripturae
1486 1243 1579 1264 com-

152 1284 273 1330 pendia
291 1296 354 1317 nec
373 1291 485 1317 tamen
506 1283 679 1318 difficilem
698 1285 885 1319 lectionem.
919 1287 1048 1330 saepius
1071 1287 1253 1321 concordat
1274 1299 1349 1320 cum
1371 1287 1493 1320 nostris
1515 1300 1532 1320 r
1549 1294 1583 1319 et

154 1354 166 1376 ι
189 1340 289 1386 (1²2).
339 1340 487 1384 (Contuli
510 1351 583 1372 cum
607 1341 677 1384 84.)

241 1407 282 1453 g)
306 1406 635 1451 EkErlangensis,
668 1407 749 1440 alius
780 1415 880 1452 atque
907 1408 982 1450 ille,
1017 1421 1114 1453 quem
1138 1410 1279 1444 contulit
1300 1411 1409 1453 Ianus)
1442 1409 1580 1443 membr.

155 1462 228 1495 Fol.
238 1452 396 1495 aeaffll.
408 1468 465 1494 aut
481 1463 576 1495 XIII.
591 1461 712 1506 [iudice
725 1463 833 1496 Gotss.
849 1464 1090 1508 Clu-iatophoro
1109 1466 1259 1510 Harless]
1281 1466 1387 1499 nitide
1407 1477 1469 1499 nec
1492 1465 1582 1499 mul-

155 1518 198 1551 tis
217 1524 276 1550 aut
293 1517 484 1550 difficilibus
505 1518 709 1561 compendiis
729 1519 882 1563 scriptus.
921 1522 1038 1553 Insunt
1056 1522 1107 1553 St.
1119 1521 1300 1555 Bemhardi
1311 1521 1491 1566 Epistulae,
1508 1521 1583 1564 alia,

155 1573 257 1607 Liber
279 1572 435 1617 [spurius]
456 1574 601 1606 Senecae
623 1573 666 1606 de
683 1574 850 1608 Remediis
870 1576 1117 1617 Fortuitorum,
1153 1579 1298 1611 Senecae
1316 1577 1488 1621 Epistulae
1509 1576 1526 1610 1
1542 1596 1582 1602 —

154 1626 216 1669 66,
239 1627 295 1661 25.
341 1628 498 1662 ulianam
516 1640 636 1662 rerum
654 1630 897 1676 inaequalitas
926 1631 973 1677 (in
995 1633 1078 1665 haec
1099 1633 1200 1666 verba
1218 1633 1389 1677 Epistulae
1416 1633 1461 1666 ad
1480 1634 1585 1666 Luci-

155 1685 236 1718 lium
265 1684 420 1717 desinunt
447 1683 579 1717 adiecto
605 1685 710 1729 Vale)
722 1711 734 1726 ,
768 1686 811 1719 de
833 1687 1034 1728 Clementia,
1068 1690 1214 1721 Senecae
1246 1696 1281 1722 et
1300 1689 1394 1722 Pauli
1415 1689 1586 1733 Epistolae

159 1739 391 1785 [suppositae]
437 1739 540 1773 Liber
558 1740 665 1773 bonus
683 1748 744 1782 est,
766 1753 807 1775 ex
826 1755 892 1787 quo
909 1744 1066 1788 pauciora
1083 1751 1240 1789 excerpta
1260 1756 1332 1778 esse
1351 1744 1462 1778 doleo.
1490 1745 1586 1789 (Cum

155 1797 226 1834 21.
250 1795 488 1829 conferendum
511 1796 637 1829 curavit
661 1798 703 1829 G.
730 1797 806 1831 Chr.
829 1799 991 1843 Harloes.)

245 1862 282 1906 Ιι)
310 1884 325 1899 .
340 1874 360 1894 e
380 1862 635 1908 (Erlangensie
654 1863 752 1904 idem,
777 1876 842 1908 quo
865 1877 940 1899 usus
959 1873 1011 1899 est
1027 1867 1113 1900 Lud.
1135 1869 1242 1900 Ianus.
1266 1868 1342 1901 vide
1354 1871 1447 1912 ’quae
1467 1867 1583 1912 scripsi

157 1917 283 1962 Supra).
327 1918 380 1950 Ex
399 1917 466 1950 hoc
488 1917 603 1950 oodioe
633 1918 759 1962 aliquot
789 1921 967 1963 scripturas
997 1923 1053 1954 Fr.
1078 1923 1153 1955 Chr.
1178 1923 1339 1956 Matthiae
1373 1924 1408 1955 in
1431 1923 1586 1955 editionis

159 1984 236 2004 suae
258 1971 412 2014 exemplo
431 1972 614 2011 annotavit,
645 1984 710 2015 quo
731 1974 802 2016 ipse
822 1976 986 2008 utebatur.
1032 1978 1210 2021 Exemplar
1230 1978 1314 2010 illud
1326 1978 1500 2010 Matthiaei
1516 1978 1587 2011 aliis

161 2038 291 2071 quoque
310 2026 373 2058 viri
397 2025 489 2058 docti
514 2027 799 2060 observationibus
820 2036 855 2062 et
876 2030 1071 2064 coniecturis
1094 2039 1245 2066 ornatum
1265 2033 1492 2066 liberalissime
1513 2043 1588 2067 me-

159 2093 234 2114 cum
255 2081 508 2114 communicavit
528 2083 555 2114 1.
581 2083 623 2114 G.
645 2083 784 2117 Richter
804 2085 1042 2119 Nordhusanus
1066 2100 1099 2120 v.
1125 2088 1166 2121 ol.

250 2148 276 2190 ι’)
314 2169 328 2184 .
341 2147 369 2179 R
390 2147 694 2194 (Rehdigeranus.
732 2150 812 2183 olim
833 2151 1001 2185 Leonardi
1029 2154 1220 2196 Iustiniani,
1254 2167 1343 2190 nunc
1367 2156 1588 2190 bibliothecae

169 2202 441 2246 Rehdigeranae,
475 2214 559 2247 quae
584 2210 635 2236 est
653 2205 883 2251 Vratislaviae)
913 2210 1052 2242 membr.
1070 2211 1144 2243 Fol.
1166 2211 1246 2244 min.
1268 2212 1342 2245 foll.
1366 2211 1441 2246 iffi.
1468 2213 1532 2246 col.
1556 2212 1587 2246 1.

161 2259 242 2291 linn.
263 2256 320 2291 29.
346 2259 464 2303 (pauca
483 2265 595 2292 tamen
618 2260 700 2293 folia
714 2286 722 2300 ,
757 2273 840 2305 quae
861 2271 938 2296 sunt
957 2265 999 2297 ab
1020 2265 1137 2307 initio,
1171 2267 1296 2300 habent
1314 2268 1417 2300 lineas
1436 2267 1495 2312 30)
1519 2281 1587 2302 sec.

159 2315 252 2346 XIV.
276 2314 444 2357 eleganter
462 2321 498 2346 et
517 2315 624 2347 nitide
642 2315 677 2347 in
710 2317 806 2350 Italia
828 2326 990 2352 exaratus.
1038 2321 1120 2355 folia
1138 2320 1183 2355 67
1194 2342 1238 2348 ——
1249 2321 1303 2356 72.
1321 2323 1406 2356 ‘inde
1426 2324 1470 2357 ab
1491 2324 1588 2358 initio

162 2369 383 2412 Epistularum
395 2372 538 2402 Senecae
558 2370 656 2403 aliam
675 2383 807 2405 manum
829 2374 980 2407 referunt
1001 2383 1100 2420 atque
1120 2378 1258 2422 reliqua.
1306 2370 1464 2413 Continet
1482 2382 1589 2413 Sene-

165 2435 222 2456 me
239 2424 405 2467 Epistulas
425 2425 469 2457 ad
487 2425 650 2459 Lucilium
669 2427 704 2460 in
725 2429 796 2460 XX
815 2429 918 2463 libros
937 2431 1141 2473 distributas,
1165 2434 1281 2477 quibus
1302 2442 1436 2478 praeter
1457 2437 1519 2480 Ep.
1531 2435 1588 2469 71.

165 2479 420 2522 praemittuntur
439 2482 631 2522 summaria,
661 2483 753 2516 Vale
774 2485 877 2518 rarius
895 2487 1074 2520 subiicitur.
1121 2489 1246 2522 Eadem
1268 2489 1340 2522 fere
1359 2491 1534 2524 summaria
1555 2492 1590 2526 in

166 2534 231 2566 fine
249 2541 445 2577 repetuntur
461 2531 641 2570 semdu'm
659 2538 817 2572 librorum
836 2541 1000 2575 rationem
1017 2543 1253 2587 aliquantulum
1272 2546 1488 2580 immutatam.
1512 2548 1590 2581 Non

167 2601 243 2621 raro
265 2589 321 2621 hic
339 2589 443 2621 codex
462 2589 679 2633 interpolatus
701 2601 769 2635 cst,
793 2596 971 2642 aliquando
988 2605 1100 2632 tamen
1122 2601 1297 2643 genuinam
1316 2602 1511 2646 scripturam
1531 2616 1591 2636 ex-

166 2643 270 2677 hibet.
318 2646 410 2684 Quae
430 2644 465 2677 in
487 2652 644 2678 contextu
671 2656 747 2681 sunt
765 2652 904 2693 omissa,
941 2654 1134 2699 plerumque
1157 2656 1192 2688 in
1219 2657 1420 2700 margim'bus
1449 2666 1483 2691 et
1506 2659 1592 2692 intra

168 2699 270 2732 lineas
293 2700 457 2743 leguntur.
507 2701 679 2733 Consentit
701 2715 831 2749 semper
854 2708 926 2741 fere
949 2721 1023 2742 cum
1047 2713 1065 2744 λ
1089 2710 1191 2755 (Ρ3.).
1240 2712 1389 2756 (Contuli
1412 2726 1485 2746 cum
1508 2716 1590 2757 θίιι.)

258 2754 295 2797 k)
324 2776 338 2791 ι
351 2767 369 2787 1·
387 2755 471 2798 (ipse
492 2756 787 2803 Rehdigeranus)
812 2764 949 2796 membr.
969 2766 1042 2798 Fol.
1065 2778 1131 2801 sec.
1148 2769 1240 2800 XIV.
1264 2775 1397 2812 praeter
1415 2770 1503 2802 van'a
1524 2772 1595 2801 Au·-

171 2809 314 2852 gusfini,
351 2810 536 2851 Ciceronis,
573 2814 620 2844 10.
640 2814 836 2850 Damasceni
864 2819 1013 2853 eontinet
1035 2829 1192 2866 excerpta
1215 2836 1255 2856 ex
1272 2826 1419 2856 Senecae
1448 2825 1539 2856 libris
1555 2825 1598 2858 de

180 2865 361 2898 Clementia
394 2872 429 2898 et
459 2867 501 2899 de
520 2868 690 2901 Beneficiis
720 2876 821 2915 atque
838 2874 1004 2916 Epistolas
1025 2876 1070 2910 88
1092 2878 1218 2922 priores
1247 2879 1280 2911 in
1304 2880 1371 2911 XII
1391 2880 1493 2911 libros
1510 2880 1600 2912 divi-
