1742 3094
161 201 246 243 312

611 200 656 240 L.
690 200 886 240 ANNAEI
918 201 1146 242 SENECAE

163 313 203 353 in
230 313 358 368 capita
381 311 612 368 promissum
636 319 712 354 est.
756 314 910 369 epulum
932 321 972 356 et
993 314 1204 356 uisceratio
1235 321 1276 356 et
1298 314 1476 370 quicquid
1501 315 1604 356 aliud

164 395 282 422 manu
307 380 459 436 capitur
477 380 640 422 discedit
661 381 702 422 in
725 389 880 437 partes:

129 459 147 485 9
163 448 351 500 libertas,
385 455 463 489 tam
485 448 654 489 omnium
682 456 766 490 tota
790 464 902 505 quam
923 451 1164 506 singulorum
1189 457 1295 492 sunt.

913 390 955 424 at
978 383 1075 424 haec
1092 383 1289 424 indiuidua
1312 383 1431 435 bona,
1462 398 1542 439 pax
1565 390 1606 425 et

1356 448 1516 506 Cogitat
1530 451 1605 492 ita-

163 530 238 571 que
263 517 418 572 sapiens
435 530 506 572 per
526 530 639 571 quem
663 517 738 558 sibi
760 517 897 559 horum
920 533 1014 560 usus
1038 520 1266 574 fructusque
1289 519 1506 574 contingat,
1535 531 1607 575 per

163 598 277 639 quem
300 598 378 625 non
398 585 445 625 ad
473 599 584 626 arma
606 584 714 626 illum
734 599 807 626 nec
834 586 883 626 ad
904 587 1121 628 seruandas
1143 586 1296 641 uigilias
1323 600 1397 628 nec
1423 587 1471 628 ad
1493 594 1606 628 tuen·

161 652 210 693 da
235 652 391 693 moenia
416 660 456 694 et
480 652 685 708 multiplex
711 652 803 694 belli
824 653 1010 694 tributum
1042 653 1193 709 publica
1221 655 1438 696 necessitas
1461 660 1603 696 uocet:

160 720 318 775 agitque
342 720 596 775 gubernatori
621 734 693 762 suo
719 721 884 775 gratias.

945 720 1033 762 Hoc
1056 721 1171 763 docet
1193 721 1434 778 philosophia
1456 720 1606 777 praeci·

160 801 235 843 pue
267 788 366 829 bene
394 788 537 829 debere
565 788 779 840 beneficia,
811 789 912 830 bene
941 789 1119 830 soluere:
1151 789 1347 830 interdum
1380 796 1511 830 autem
1539 803 1605 831 so-

114 870 144 896 m
161 854 256 895 lutio
278 862 339 896 est
357 855 443 911 ipsa
462 856 676 897 confessio.

739 854 1001 898 Confitebitur
1021 871 1115 912 ergo
1141 857 1303 898 multum
1328 870 1372 898 se
1398 856 1544 899 debere
1569 856 1606 898 ci

159 922 269 964 cuius
291 923 629 965 administratione
663 939 708 966 ac
734 925 980 981 prouidentia
1008 924 1200 980 contingit
1222 924 1279 966 illi
1310 924 1452 980 pingue
1485 924 1607 965 otium

159 997 199 1031 et
219 991 422 1033 arbitrium
445 992 507 1033 sui
529 993 714 1048 temporis
740 1000 780 1034 et
813 993 1083 1049 inperturbata
1102 992 1266 1049 publicis
1288 991 1605 1047 occupationibus

159 1058 289 1112 quies.

301 1127 342 1170 0
372 1128 611 1180 Meliboee,
643 1128 749 1170 deus
777 1128 899 1171 nohis
926 1128 1035 1171 Ilaec
1063 1129 1156 1170 otia
1181 1127 1316 1185 fecit.-

304 1195 504 1251 Namque
532 1198 616 1238 erit
644 1197 720 1238 ille
749 1197 850 1238 milei
877 1209 1048 1252 semper
1078 1196 1195 1239 deus.

160 1261 204 1304 Si
237 1263 302 1318 illa
327 1278 481 1319 quoque
513 1264 594 1306 otia
626 1265 789 1306 multum
820 1264 971 1306 auctori
994 1278 1067 1306 suo
1094 1264 1239 1306 debent
1267 1276 1431 1319 quorum
1463 1276 1605 1304 munus

158 1330 231 1372 hoc
262 1332 476 1374 maximum
505 1339 589 1374 est:

302 1399 385 1442 Ille
412 1415 530 1443 meas
558 1413 719 1443 errare
748 1400 900 1453 boues,
930 1405 976 1442 ut
1005 1401 1165 1452 cernis,
1196 1405 1237 1442 et
1266 1401 1405 1455 ipsum

299 1468 475 1511 Ludere
504 1483 615 1524 quae
643 1470 798 1511 uellem
828 1470 998 1511 calamo
1022 1470 1223 1524 permisit
1252 1469 1440 1524 ayresti:

109 1551 138 1577 11
159 1535 290 1590 quanti
313 1537 565 1578 aestimamus
584 1537 658 1578 hoc
681 1537 803 1579 otium
825 1537 927 1592 quod
949 1537 1055 1579 inter
1076 1538 1170 1579 deos
1191 1536 1342 1592 agitur,
1375 1535 1478 1591 quod
1503 1535 1600 1576 deos

158 1602 281 1644 facit?
337 1602 401 1645 Ita
432 1605 545 1657 dico,
580 1603 736 1657 Lucili,
781 1611 821 1646 et
853 1612 892 1646 te
917 1604 959 1646 in
988 1605 1139 1646 eoelum
1173 1603 1449 1659 conpendiario
1483 1616 1602 1643 uoco.

160 1668 325 1712 Solebat
355 1669 520 1714 Sextius
552 1672 683 1714 dicere
717 1672 860 1715 Imtem
888 1673 992 1728 plus
1024 1685 1112 1714 nou
1132 1685 1264 1726 posse
1292 1684 1418 1726 quam
1450 1669 1605 1711 bouum

157 1740 311 1781 uirum.
361 1738 485 1781 Plura
505 1738 656 1796 Iupiter
674 1741 792 1782 habet
811 1754 912 1796 quae
932 1746 1108 1797 praestet
1129 1738 1372 1780 hominibus:
1405 1738 1476 1779 sed
1500 1737 1620 1799 inter⁴

160 1807 257 1848 duos
280 1807 405 1849 bonos
432 1822 511 1849 non
534 1815 595 1850 est
617 1809 757 1850 melior
779 1809 844 1864 qui
869 1808 1124 1864 locupletior,
1157 1821 1236 1848 non
1259 1806 1384 1861 magis
1410 1819 1524 1861 quam
1544 1805 1605 1846 in-

159 1882 223 1916 ter
244 1876 342 1917 duos
361 1876 500 1931 quibus
521 1890 593 1932 par
612 1877 780 1919 scientia
802 1877 965 1932 regendi
989 1875 1296 1932 gubernaculum
1321 1881 1383 1916 est
1404 1873 1606 1915 meliorem

112 1953 144 1981 ι’.)
163 1944 312 1985 dixeris
334 1945 398 1985 cui
414 1944 539 1986 maius
557 1945 852 2000 speciosiusque
875 1944 1073 2000 nauigium
1091 1950 1166 1985 est.

1228 1941 1376 1997 Iupiter
1397 1955 1473 1996 quo
1497 1947 1606 1982 antc-

164 2012 267 2053 cedit
291 2012 418 2053 uirum
443 2013 615 2054 bonum?
662 2012 821 2054 Diutius
847 2014 972 2054 bonus
1003 2019 1088 2054 est:
1131 2011 1288 2067 sapiens
1322 2009 1442 2051 nihilo
1464 2022 1508 2050 se
1534 2008 1606 2049 mi-

161 2081 270 2121 noris
296 2081 502 2132 aestimat,
537 2081 638 2136 quod
668 2081 834 2122 uirtutes
871 2081 956 2121 eius
987 2079 1112 2136 spatio
1147 2078 1330 2119 breuiore
1356 2077 1600 2118 clauduntur.

85 2196 88 2198 -
159 2181 184 2215 p
195 2183 214 2202 e
223 2171 397 2203 tntis-sum
433 2178 498 2202 est.
586 2168 674 2201 GPl.
698 2168 732 2202 3.
755 2170 788 2201 4.
815 2185 859 2196 =

163 2224 197 2248 et
230 2228 248 2247 e
262 2216 475 2248 visceratio.
533 2215 559 2246 B
572 2229 617 2242 ==
639 2228 658 2247 e
670 2215 861 2247 visceratio

163 2272 230 2294 Om.
259 2270 303 2293 el.

208 2318 230 2351 q
239 2319 262 2339 u
273 2307 288 2339 i
297 2305 409 2351 cquid
428 2304 532 2338 aliud
543 2321 589 2333 =
601 2317 679 2336 mss.
699 2305 732 2339 §R
742 2322 787 2329 —
797 2305 844 2339 S.

162 2352 303 2390 IOEL—
315 2353 348 2387 Ξ
361 2366 405 2379 =
417 2351 458 2384 si
477 2351 564 2395 quid
583 2349 696 2383 aliud,
766 2350 860 2392 Βαγλ

164 2396 224 2430 Ρ3.
238 2399 275 2441 (s.
287 2397 345 2438 m.)
357 2412 402 2424 =
414 2396 488 2429 dist
499 2408 518 2428 1·
528 2408 550 2429 a
561 2396 607 2428 hi
618 2404 631 2428 t
641 2407 663 2427 u
674 2395 751 2428 rin
768 2407 860 2440 par-

165 2451 229 2476 tes.
319 2442 396 2474 Gwr
422 2446 456 2481 ÷
491 2454 511 2474 e
519 2450 534 2474 ι
578 2450 651 2474 tam
695 2443 858 2473 omnium.

166 2487 268 2531 Arg.b
281 2504 326 2517 =
346 2501 365 2520 e
374 2500 398 2520 a
420 2487 583 2520 omnium.
631 2497 668 2529 ρρ
690 2492 747 2519 aut
762 2490 796 2525 -ξ-
818 2499 837 2518 e
847 2494 862 2518 t

167 2543 241 2567 tam
262 2534 414 2567 omnium
435 2539 550 2565 aut=
563 2540 606 2566 et
627 2543 678 2564 ea
699 2533 862 2565 omnium.

211 2577 245 2612 9.
269 2579 403 2623 wArg.b
414 2594 460 2608 =
474 2578 595 2624 Cogit
605 2589 629 2610 a
650 2578 781 2622 itaque.

213 2627 360 2671 sapiens
369 2640 414 2652 =
427 2636 438 2659 ι
447 2624 481 2659 {R
489 2624 592 2660 -ss,
650 2622 734 2657 Rell.
744 2642 790 2647 —
799 2634 862 2655 sa-

163 2670 281 2716 piens.
349 2670 468 2714 R(soe)
481 2670 507 2705 G
516 2688 560 2694 —
568 2669 612 2703 SR
621 2683 666 2696 ==
678 2667 861 2713 ususfru-

167 2723 245 2748 ctus
264 2716 335 2748 sine
349 2728 414 2761 que
429 2727 470 2748 ex
485 2715 647 2748 ein-Erm.
710 2714 862 2758 G(cr.<x>)

167 2761 269 2795 P1.3.
280 2759 313 2794 4.
327 2776 373 2790 =
385 2773 471 2793 usus
481 2760 630 2806 fructus
649 2771 702 2804 qu
712 2771 762 2804 oq
772 2771 793 2791 u
804 2772 834 2792 e.

211 2819 229 2839 r
239 2823 284 2836 =
296 2818 359 2840 nec
378 2806 451 2839 adv
462 2818 481 2838 e
490 2819 509 2838 r
519 2817 538 2839 ε
548 2805 665 2839 anda-5
687 2804 848 2850 vigilias.

215 2851 267 2885 10.
304 2852 424 2897 G(soe)
442 2867 488 2880 =
506 2851 730 2896 Confiteor.
799 2849 858 2883 1‘3.

908 2169 978 2201 col.
992 2184 1036 2197 =
1048 2176 1128 2201 cont
1137 2167 1233 2213 igit
1254 2166 1324 2199 illi.
1394 2177 1605 2210 w07t=pu-

905 2227 932 2260 g
942 2226 965 2246 n
976 2227 999 2247 α
1011 2228 1029 2247 e
1054 2215 1172 2246 otium.
1242 2224 1271 2244 w
1286 2216 1321 2250 -1-
1340 2213 1480 2244 auctori
1501 2223 1553 2256 qu
1563 2222 1582 2243 ο
1591 2229 1605 2235 -

906 2273 927 2305 q
938 2271 959 2291 u
972 2273 1001 2292 e.
1049 2261 1076 2292 V
1088 2274 1134 2286 =
1147 2258 1294 2290 multum
1317 2265 1440 2290 auctor
1449 2257 1464 2289 i
1473 2265 1487 2289 ε
1498 2269 1521 2289 α
1531 2257 1580 2290 εἰ.

951 2315 1157 2338 r—munus
1174 2311 1210 2335 et
1229 2308 1263 2342 -1-
1286 2304 1350 2335 hoc
1371 2303 1504 2335 imum
1525 2313 1606 2333 ma—

906 2350 1060 2395 ximumq
1069 2363 1091 2382 u
1103 2363 1123 2383 e
1147 2357 1210 2382 est.
1281 2349 1310 2383 Ίί
1322 2363 1366 2376 =
1379 2347 1482 2380 boves
1497 2360 1525 2393 p
1536 2359 1604 2380 er·-

906 2408 940 2428 m
952 2397 965 2428 i
977 2397 1020 2428 si
1031 2404 1045 2428 ι
1068 2404 1102 2428 ει
1126 2396 1253 2440 ipsum.

954 2439 1006 2474 11.
1038 2442 1067 2473 R
1080 2456 1124 2469 =
1137 2440 1262 2486 quanti
1285 2439 1391 2472 exis
1403 2447 1418 2471 ι
1430 2439 1602 2471 ιἠιαηιιιε.

907 2487 1030 2520 Matth.
1053 2487 1093 2521 ci.
1106 2502 1150 2514 =
1162 2486 1297 2518 nescim
1306 2498 1324 2517 e
1333 2497 1366 2517 m
1374 2496 1424 2516 us
1442 2496 1469 2516 s.
1488 2484 1604 2516 aesci-

909 2531 1133 2566 mabimus.
1202 2530 1388 2574 PArg.b=
1403 2528 1604 2562 Volebat

908 2579 1053 2611 Sextius
1065 2578 1195 2611 dicere.
1250 2589 1268 2609 r
1275 2591 1322 2604 =
1331 2574 1455 2622 quibus
1470 2586 1496 2620 p
1504 2585 1554 2606 ra
1562 2586 1603 2605 e-

910 2635 928 2656 s
939 2636 957 2656 e
966 2635 989 2655 n
999 2632 1014 2657 t
1025 2624 1040 2656 ι’
1049 2636 1072 2656 α
1091 2631 1144 2656 est
1159 2634 1236 2668 reg.
1249 2620 1332 2667 gub.
1400 2619 1499 2651 Recc-
1511 2629 1601 2651 non·—

906 2668 988 2702 nulli
1006 2681 1043 2712 ρρ
1056 2684 1100 2698 =
1115 2680 1134 2700 c
1142 2668 1190 2700 ui
1200 2679 1223 2699 u
1235 2679 1253 2700 ,ς
1275 2665 1402 2699 maius.

954 2713 1007 2746 12.
1034 2714 1150 2747 GRr.B
1164 2713 1230 2747 ’affl
1241 2730 1284 2736 —-
1295 2712 1359 2748 ΕΙ.
1369 2724 1415 2738 =
1426 2720 1465 2742 se
1485 2709 1602 2741 mino-

906 2760 960 2792 ris
982 2759 1228 2793 existimat.
1295 2755 1502 2800 R=quia
1524 2755 1603 2788 vir-

907 2813 1010 2838 lule&

951 2863 971 2883 ο
983 2850 998 2883 l
1008 2862 1031 2884 a
1043 2862 1066 2882 u
1078 2849 1103 2883 d
1114 2855 1221 2882 untur
1246 2862 1291 2875 =
1321 2846 1424 2880 Per
1459 2845 1602 2891 (BArg.b
