1742 3094
211 204 295 247 674
667 202 711 240 L.
746 201 940 241 ANNAEI
973 200 1201 243 SENECAE

213 318 336 370 ergo?
383 329 461 355 non
493 320 554 354 est
581 313 619 354 id
643 313 784 354 bonum
811 312 897 354 sine
928 327 1003 367 quo
1033 325 1104 352 nee
1133 312 1225 352 illud
1248 312 1392 353 bonum
1419 314 1508 353 est?
1568 311 1651 355 Uos

215 391 321 425 certe
344 382 470 423 dicitis
490 380 718 436 sapientiam
733 411 743 431 ‚
778 380 810 421 si
834 380 919 421 sine
940 394 1015 421 usu
1035 380 1171 431 detur,
1204 379 1464 435 accipiendam
1485 395 1565 422 non
1588 395 1651 423 es-

215 466 274 496 se.
338 448 440 504 Quid
466 455 528 490 est
555 462 648 490 usus
675 448 920 503 sapientiae?
976 460 1140 503 sapere:
1177 447 1248 488 hoe
1274 454 1335 488 est
1356 447 1396 488 in
1416 447 1483 489 illa
1507 449 1650 503 pretio-

168 535 197 560 ιτ
216 519 413 564 sissimum
442 531 517 572 quo
537 516 711 556 detracto
743 528 988 570 superuacua
1013 515 1069 574 Iit.
1131 514 1176 556 Si
1204 521 1398 556 tormenta
1421 515 1522 556 mala
1543 523 1648 566 sunt,

213 585 387 641 torqueri
407 585 551 626 malum
565 589 649 634 est,
677 583 779 623 vadeo
801 582 970 637 quidem,
1002 589 1046 623 ut
1064 582 1129 623 illa
1152 597 1230 623 non
1252 583 1330 624 sint
1350 583 1466 634 mala,
1499 583 1532 624 si
1550 585 1650 638 quod

214 654 388 709 sequitur
408 651 647 693 detraxeris.
710 648 912 705 Sapientia
930 649 1084 690 habitus
1104 650 1301 704 perfectae
1321 650 1464 692 mentis
1482 658 1557 703 est,
1590 666 1652 693 sa-

213 736 305 776 pere
331 734 426 762 usus
451 719 648 774 perfectae
674 717 830 758 mentis.
867 714 1100 770 ,Quomodo
1131 723 1260 771 potest
1280 731 1374 758 usus
1403 717 1487 759 eius
1509 718 1652 760 bonum

214 804 292 830 non
314 801 403 829 esse
417 778 438 839 ‚v
462 799 561 841 quae
585 786 670 826 sine
691 799 765 826 usu
788 785 931 825 bonum
951 786 1037 825 est?
1095 782 1304 839 Interrogo
1326 792 1364 825 te
1386 798 1436 826 an
1462 785 1653 840 sapientia

215 846 438 911 expetenda
464 854 543 895 sit?
586 853 737 894 fateris.
799 850 1007 906 Interrogo
1030 866 1079 892 an
1103 866 1196 893 usus
1223 852 1436 907 sapientiae
1463 860 1653 908 expeten-

216 925 287 965 dus
319 923 399 964 sit?
457 920 619 962 fateris:
665 934 784 974 negas
816 919 919 960 enim
946 926 984 960 te
1006 919 1110 960 illam
1146 926 1420 977 recepturum,
1467 920 1499 961 si
1526 921 1579 963 uti
1611 935 1656 963 ea

168 1007 202 1032 w
221 989 478 1047 prohibearis.
542 979 655 1041 Quod
677 988 939 1043 expetendum
957 993 1018 1027 est
1034 986 1275 1043 bouumpest.
1338 985 1487 1042 Sapere
1506 989 1658 1044 sapien-

219 1059 295 1099 tiae
315 1071 409 1098 usus
433 1063 518 1107 est,
561 1056 754 1110 quomodo
777 1054 1024 1109 eloquentiae
1048 1054 1203 1108 eloqui,
1237 1055 1430 1108 quomodo
1454 1056 1655 1098 oculorum

218 1126 382 1171 uidere:
415 1138 510 1178 ergo
533 1136 671 1178 sapere
692 1122 908 1177 sapientiae
928 1135 1021 1163 usus
1044 1128 1120 1162 est.
1171 1119 1276 1163 Usus
1294 1128 1422 1162 autem
1445 1122 1658 1178 sapientiae

218 1191 464 1248 expetendus
482 1197 567 1232 est:
594 1204 734 1245 sapere
751 1203 848 1244 ergo
860 1189 1121 1244 expetendum
1136 1196 1212 1231 est.
1249 1189 1283 1230 si
1301 1190 1561 1244 expetendum
1579 1197 1654 1243 est,

220 1262 364 1305 bonum
386 1266 461 1300 est.
526 1256 630 1299 Olim
652 1258 736 1313 ipse
755 1270 818 1314 me
844 1257 984 1298 damno
1008 1257 1071 1310 qui
1096 1256 1182 1298 illos
1202 1256 1357 1307 imitor,
1389 1256 1479 1298 dum
1500 1271 1659 1309 accuso,

222 1335 262 1369 et
290 1327 411 1369 uerba
450 1332 609 1381 apertae
637 1324 697 1366 rei
725 1324 909 1380 inpendo.
973 1321 1047 1364 Cui
1078 1324 1182 1365 enim
1219 1323 1375 1366 dubium
1414 1331 1542 1379 potest
1570 1339 1660 1367 esse

221 1395 340 1450 quin,
382 1394 419 1436 si
443 1400 576 1435 aestus
604 1393 747 1434 malum
782 1399 870 1443 est,
917 1399 957 1433 et
976 1398 1158 1432 aestuare
1192 1383 1334 1433 malum
1357 1391 1438 1438 sit?
1482 1392 1516 1434 si
1547 1393 1660 1448 algor

220 1463 364 1508 malum
395 1467 479 1513 est5
523 1461 666 1502 malum
696 1460 749 1501 sit
779 1460 940 1514 algere?
985 1459 1019 1500 si
1043 1458 1122 1499 nita
1152 1459 1296 1500 bonum
1326 1465 1412 1510 est,
1459 1465 1499 1501 et
1524 1459 1658 1502 uiuere

171 1547 205 1572 ιο
222 1530 366 1571 bonum
388 1529 454 1569 sit.
516 1526 660 1570 Omnia
683 1528 758 1568 ista
780 1529 904 1568 eirca
936 1527 1219 1581 sapientiam,
1263 1540 1342 1567 non
1365 1526 1406 1566 in
1432 1527 1516 1583 ipsa
1539 1535 1654 1569 suut:

220 1604 263 1638 at
284 1596 397 1637 nohis
418 1597 462 1637 in
483 1596 582 1649 ipsa
606 1595 926 1650 *commorandum
959 1601 1034 1635 est.
1095 1592 1226 1634 Etiam
1252 1594 1286 1634 si
1311 1594 1400 1648 quid
1431 1595 1590 1649 euagari
1611 1595 1657 1637 li-

219 1665 302 1715 bet,
334 1663 482 1719 amplos
500 1662 617 1703 habet
632 1661 698 1702 illa
714 1661 985 1715 spatiososque
1003 1674 1201 1701 secessus.
1264 1659 1325 1701 De
1342 1661 1503 1702 deorum
1519 1670 1656 1704 natura

221 1744 471 1786 quaeramus.
532 1730 580 1770 de
605 1728 776 1770 siderum
802 1727 986 1768 alimento
1003 1759 1014 1779 ‚
1046 1728 1093 1769 de
1119 1727 1179 1768 his
1204 1735 1280 1768 tam
1310 1728 1431 1769 uariis
1456 1729 1655 1771 stellarum

962 1836 1079 1860 autem
1102 1829 1303 1874 sapientiae
1314 1848 1357 1854 —
1373 1830 1407 1862 si
1425 1828 1656 1874 expetendum

222 1835 259 1865 in
282 1832 347 1865 hoc
369 1839 412 1864 et
433 1830 581 1876 sapiens
602 1841 690 1864 esse.
717 1828 812 1872 Cvs=
824 1827 918 1871 Quid

963 1881 1036 1913 est,
1074 1873 1199 1906 honum
1229 1882 1293 1907 est.
1352 1875 1385 1909 {R
1404 1890 1451 1903 =
1473 1875 1566 1908 otim
1604 1888 1658 1909 me

221 1878 337 1923 ergo?
371 1888 441 1908 non
471 1883 524 1908 esc
555 1875 692 1908 illud.
741 1886 752 1908 ι
773 1889 819 1902 =
840 1875 918 1906 sine

221 1936 288 1968 quo
317 1922 410 1955 illud
440 1920 565 1954 bonum
595 1932 618 1952 n
630 1931 682 1952 on
718 1927 781 1952 est.
830 1931 854 1962 η
871 1933 916 1947 =

223 1980 287 2001 neo
308 1967 408 2000 ullu
420 1978 452 1999 m
476 1965 600 1999 bonum
631 1973 694 1999 est.
741 1965 770 1999 2t
783 1979 827 1992 =
838 1965 918 1998 sine

222 2025 289 2058 quo
310 2024 373 2044 nec
393 2011 440 2045 id
465 2011 589 2044 bonum
614 2021 698 2043 non
723 2018 787 2042 est.

269 2058 345 2101 Qui
356 2058 379 2090 d
417 2065 472 2089 est
517 2068 603 2089 usu-s·
645 2055 848 2100 sapientiae
870 2069 916 2083 =

221 2115 297 2136 mss.
312 2103 376 2137 2181
390 2121 432 2126 —
445 2103 508 2140 (51.
578 2102 697 2137 (22—
711 2102 744 2136 Θ
757 2115 802 2128 =
814 2101 917 2142 Quis

222 2157 276 2182 est
298 2160 333 2179 u.
354 2159 383 2180 s.
430 2146 591 2181 2t=l10c
614 2147 651 2178 in
671 2145 739 2178 illa
760 2156 825 2178 om.
849 2153 914 2177 est.

222 2193 281 2225 GR
297 2208 342 2220 ==
355 2203 575 2236 supervacua
599 2204 616 2224 s
627 2192 640 2223 i
651 2198 676 2222 t.

267 2235 319 2269 17.
355 2238 380 2267 Β
392 2252 436 2264 =
447 2248 533 2269 usus
570 2234 740 2280 perfecta
777 2235 914 2268 mentis.

218 2281 337 2326 lum)
350 2296 396 2309 =
409 2293 495 2314 usus
516 2281 594 2314 eius
613 2280 737 2312 bonum
759 2291 836 2312 esse
847 2290 914 2310 om.

217 2338 298 2360 non.

225 2371 227 2373 ’
262 2383 352 2417 quae
373 2371 453 2402 sine
472 2380 538 2401 usu
559 2368 683 2400 honum
702 2375 755 2400 est
767 2383 811 2395 =
824 2368 914 2410 Βγδτ

218 2415 341 2463 (μαι).
410 2416 651 2460 αβεηπςιιασ
673 2413 752 2445 sine
769 2425 834 2445 usu
852 2414 912 2443 bo—

218 2475 271 2495 nu
283 2474 302 2494 a·
334 2467 397 2493 est.
448 2458 507 2490 GR
519 2470 539 2492 τ
551 2459 589 2502 (s.
603 2457 662 2501 m.)
685 2458 750 2492 'nm
761 2476 807 2482 -
820 2459 854 2494 ἕ
873 2461 907 2496 ÷

217 2519 308 2553 quae
330 2506 408 2538 sine
429 2515 496 2536 usu
520 2502 645 2535 bonum
668 2514 755 2534 non
781 2511 845 2535 est.
886 2503 910 2534 B

220 2557 278 2596 (cr.
296 2551 348 2594 ω)
363 2565 409 2578 ==
423 2550 623 2594 Interroga
658 2555 702 2580 te.
754 2548 841 2591 [za-0:²5
864 2563 909 2575 ==

220 2599 417 2641 Interroga
440 2602 475 2627 te
491 2606 524 2624 ω
546 2595 752 2638 Interroga.
799 2592 855 2626 1Ιλ
870 2597 902 2631 -ἱ-

215 2644 407 2686 Interrogo
425 2648 469 2672 te
492 2650 539 2672 an
560 2650 656 2671 usus.
679 2636 906 2683 13=fiztea-

216 2689 268 2720 ris
292 2688 325 2720 si
344 2687 480 2730 negas.'
505 2683 725 2715 RG—em'm
744 2689 822 2726 post
842 2695 908 2716 ne-

213 2744 294 2779 gas.
342 2731 424 2766 2(=
438 2738 472 2762 te
491 2729 593 2761 illam
616 2735 867 2773 excepturum.

261 2775 313 2810 18.
340 2788 358 2808 e
368 2775 526 2820 loqui=
540 2775 586 2807 Βυ
597 2775 639 2806 Sa
652 2773 699 2809 Β.
770 2772 829 2805 GR
842 2773 906 2808 Ἱίῦἱ

217 2841 253 2846 —-
269 2822 332 2856 §.mo
355 2836 399 2849 ε
421 2820 540 2865 loqui.
590 2819 620 2849 G
635 2816 737 2862 (miv)
758 2836 800 2841 ——-
823 2829 907 2851 usus

963 1919 1059 1964 ipso
1092 1919 1231 1952 danmo.
1279 1920 1310 1955 ‘z
1323 1921 1450 1959 -OEz
1472 1935 1519 1949 =
1537 1933 1591 1954 me
1619 1923 1655 1954 i-

960 1975 1035 2009 psu
1048 1976 1092 1996 m.
1139 1964 1197 1998 ms
1210 1979 1255 1992 =
1267 1965 1359 2009 quia
1382 1967 1415 1997 si
1444 1974 1574 2000 aestus.
1623 1966 1653 1998 G

965 2009 1051 2053 (sm)
1067 2021 1141 2043 0-—
1162 2017 1197 2042 ec
1226 2015 1303 2042 ante
1333 2019 1509 2045 aestuare.
1558 2012 1589 2045 G
1609 2026 1654 2040 =

962 2055 1094 2086 malum.
1117 2055 1166 2086 sit
1189 2066 1341 2100 agere.

1008 2108 1042 2132 ec
1062 2100 1098 2132 vi
1102 2112 1182 2132 vere
1203 2099 1326 2132 bonum
1347 2113 1365 2134 e
1375 2101 1390 2133 i
1399 2108 1467 2134 t=
1478 2101 1539 2133 BG
1551 2101 1651 2145 (san.)

960 2144 1368 2189 ΒΖΠαβγεζηΞικλπφχψ
1375 2144 1432 2178 Ρ2.
1442 2144 1475 2179 3.
1487 2146 1566 2182 21&
1624 2146 1653 2177 G

963 2189 1069 2233 (p.m.)
1093 2208 1132 2213 --
1157 2191 1217 2222 sit.
1265 2187 1370 2221 Pl.4.
1397 2190 1467 2223 Col.
1487 2191 1652 2225 §It—833⁰

960 2234 1139 2265 :bonum
1163 2245 1208 2266 es
1219 2241 1244 2266 t.
1277 2233 1398 2276 probat
1422 2235 1516 2267 Grut-

1006 2276 1059 2311 19.
1084 2279 1111 2309 R
1127 2277 1213 2322 (s-oe)
1238 2297 1281 2302 —
1302 2279 1376 2311 ista
1404 2285 1483 2323 post
1513 2281 1651 2313 Omnia.

959 2334 976 2358 ο
986 2338 1031 2351 =
1044 2335 1062 2355 c
1073 2334 1091 2356 o
1102 2334 1123 2355 n
1136 2331 1149 2355 t
1160 2337 1178 2356 r
1188 2335 1211 2355 a
1233 2324 1450 2367 sapientiam
1473 2332 1556 2358 sum
1581 2336 1650 2359 mm

958 2369 1050 2413 ipsa.
1096 2367 1206 2400 Etiam
1226 2367 1321 2401 RP2.
1331 2367 1365 2401 3.
1389 2388 1429 2394 -
1455 2370 1494 2402 in
1517 2375 1596 2402 aute
1615 2372 1650 2403 i-

953 2425 1033 2458 psa.
1081 2413 1115 2448 {R
1129 2414 1287 2464 —Q·=
1309 2414 1406 2447 cirea
1437 2415 1651 2460 sufflantium

957 2466 1084 2498 sunt,
1118 2470 1188 2490 non
1221 2470 1259 2491 112
1285 2460 1533 2504 sapientia
1555 2469 1648 2494 sunt.

959 2504 1188 2540 (ἐμποιῇ-α
1213 2516 1288 2550 sap.
1311 2512 1419 2540 aaut
1447 2513 1488 2537 ec
1510 2505 1550 2538 in
1566 2506 1647 2550 Ipsa

958 2560 1040 2594 sap
1051 2549 1126 2581 ien
1137 2557 1150 2581 t
1163 2549 1211 2581 ia
1234 2557 1327 2581 sunt.
1373 2560 1397 2583 π
1415 2564 1459 2578 =
1481 2557 1519 2583 aa
1550 2549 1648 2584 nobis

955 2605 1050 2625 cum
1082 2594 1174 2639 ιῬ-ςα.
1227 2593 1298 2627 Col.
1319 2609 1366 2622 =
1388 2603 1422 2627 et
1449 2595 1524 2628 iam
1545 2595 1647 2627 sine

954 2651 975 2683 q
986 2650 1008 2670 u
1019 2650 1038 2670 ο
1063 2639 1225 2683 evagari.
1273 2638 1516 2684 Ζβγδζιλπρχψ
1525 2639 1551 2671 Ρ
1561 2637 1593 2673 2.
1609 2638 1644 2672 3.

953 2698 998 2711 --
1010 2684 1153 2716 etiamsi
1174 2695 1256 2729 quo
1279 2685 1442 2730 evagari.
1465 2685 1492 2718 2(
1504 2698 1548 2712 ==
1565 2695 1644 2716 am·-

951 2728 1014 2776 pli
1025 2740 1073 2761 us
1096 2727 1200 2761 habet
1223 2728 1301 2761 illa.

998 2773 1042 2806 de
1084 2773 1242 2807 siderum
1286 2773 1516 2806 alimento
1544 2787 1590 2801 =
1615 2773 1641 2805 Β

953 2819 1045 2862 (pm.
1069 2833 1111 2845 =
1138 2818 1304 2852 desideri
1313 2816 1393 2860 um)
1426 2816 1500 2850 cod.
1533 2818 1641 2851 Frau-
