1742 3094
217 158 303 206 544

213 277 443 334 promisit,
482 277 756 328 intercessit,
796 276 927 319 dedit.

674 163 718 205 L.
747 163 945 204 ΑΝΝΑΕΙ
965 165 1205 206 SENECAE

1000 277 1091 319 Iam
1124 292 1257 330 uero,
1289 292 1314 320 o
1337 279 1384 322 di
1411 277 1532 332 boni,
1562 293 1655 323 rem

212 344 463 402 perditam!
508 346 636 386 etiam
679 350 825 402 noctes
854 349 1073 386 certarum
1112 347 1335 389 mulierum
1372 353 1500 403 atque
1548 349 1653 390 adu·-

219 414 550 458 lescentulomtm
585 412 787 454 nobilium
826 411 1168 456 introductiones
1202 416 1420 458 nonnullis
1445 417 1654 460 iudicibus

212 495 303 539 pro
341 481 552 524 mercedis
580 482 747 522 cumulo
782 479 974 536 fuerunt.
1031 481 1127 523 Nou
1159 491 1270 524 uacat
1296 484 1343 524 de
1363 484 1488 539 pretio
1525 485 1651 539 queri,

219 552 305 608 plus
328 550 368 591 in
390 549 682 591 accessionibus
713 549 799 590 fuit.

218 620 311 662 lam.

184 686 467 728 ⁵Adunerium
500 684 573 725 nisi
602 684 770 736 seceris,
811 684 965 725 damna.

426 752 528 793 illius
558 752 624 792 tibi
656 758 809 792 noctem
842 752 1024 808 promitto
1057 766 1130 794 nec
1164 753 1331 795 differo:
1376 754 1479 795 intra
1509 769 1653 811 conpe-

217 755 365 797 ueniet.

860 547 932 590 Uis
965 546 1096 591 seueri
1117 550 1220 591 illius
1244 553 1441 593 uxorem?
1485 552 1583 593 dabo
1608 552 1654 594 il-

373 616 445 660 Uis
484 617 644 657 diuitis?
689 616 802 657 huius
844 629 997 671 quoque
1037 617 1104 658 tibi
1142 619 1348 673 praestabo
1388 620 1649 662 concubitum.

1026 683 1096 726 Illa
1124 687 1294 727 formosa
1320 700 1433 742 quam
1453 688 1653 730 desideras

214 821 528 865 rendinationem
551 820 646 860 fides
665 817 847 875 promissi
867 820 944 861 mei
969 821 1155 861 exstabit.
1194 819 1310 862 'Plus
1333 823 1394 862 est
1419 822 1654 866 distribuere

215 889 406 933 adulteria
440 903 554 944 quam
585 889 738 929 facere:
786 887 859 929 boe
888 901 985 929 uero
1017 888 1204 930 matribus
1229 889 1398 930 familiae
1422 890 1670 935 denuntiare>

217 966 296 1001 θεῖς
354 957 407 999 Hi
441 957 590 998 iudices
625 954 806 998 Clodiani
834 970 855 997 a
884 963 1024 997 senatu
1056 958 1253 1012 petierant
1286 957 1521 1013 praesidinm
1550 959 1651 1013 quod

184 1041 202 1068 ⁶
219 1041 296 1069 non
324 1033 410 1067 erat
428 1025 504 1066 nisi
527 1024 765 1065 damnaturis
799 1024 1062 1065 necessarium
1088 1032 1127 1065 et
1144 1025 1456 1080 inpetrauerant.‘
1511 1023 1651 1081 Imque

218 1094 420 1149 'eleganter
441 1093 517 1133 illis
543 1089 706 1133 Catulus
730 1091 907 1132 absoluto
930 1105 1028 1133 reo:
1067 1091 1183 1143 Quid
1207 1106 1311 1144 nos,
1338 1092 1488 1147 inquit,
1514 1106 1651 1147 prae·

213 1162 367 1204 sidium
395 1175 423 1202 a
443 1160 565 1202 nobis
582 1159 828 1215 petebatis?
857 1173 915 1201 an
935 1173 990 1201 ne
1017 1161 1174 1201 nummi
1195 1160 1315 1202 uobis
1338 1161 1651 1214 eriperentur?

213 1228 324 1271 luter
355 1229 427 1270 hos
457 1235 585 1269 tamen
620 1227 729 1268 iocos
757 1227 901 1283 inpune
935 1227 1023 1268 tulit
1054 1235 1144 1268 ante
1177 1228 1359 1268 iudicium
1394 1228 1567 1281 adulter,
1609 1229 1652 1272 in

212 1297 363 1339 iudicio>
380 1297 470 1338 leno
493 1295 558 1351 qui
580 1295 866 1336 damnationem
889 1294 999 1350 peius
1025 1295 1159 1350 effugit
1182 1294 1293 1350 quam
1312 1295 1470 1338 meruit.

1529 1295 1652 1351 Quic-

213 1380 326 1422 quam
346 1364 469 1406 ruisse
487 1363 706 1417 corruptius
722 1362 796 1404 illis
811 1362 986 1404 moribus
1002 1363 1129 1404 credis
1146 1363 1284 1418 quibus
1299 1363 1416 1404 libido
1434 1378 1513 1405 non
1526 1364 1650 1407 sacris

212 1433 396 1484 inhiberi,
430 1446 508 1473 non
531 1431 683 1472 indiciis
703 1437 870 1486 poterat,
904 1430 1042 1485 quibus
1063 1431 1102 1471 in
1125 1444 1171 1471 ea
1194 1432 1278 1487 ipsa
1301 1432 1528 1487 quaestione
1551 1446 1651 1488 quae

212 1509 329 1544 extra
359 1500 539 1541 ordinem
564 1498 904 1540 senatusconsulto
940 1498 1202 1540 exercebatur
1229 1499 1315 1554 plus
1349 1513 1462 1554 quam
1485 1514 1651 1555 quaere-

182 1569 328 1611 ibatur
357 1568 569 1609 admissum
605 1568 695 1608 est?
753 1565 1027 1621 Quaerebatur
1051 1580 1101 1607 an
1127 1573 1216 1621 post
1246 1567 1477 1608 adulterium
1508 1568 1648 1623 aliquis

210 1672 344 1709 ffll.—
412 1679 456 1698 =
477 1667 764 1701 Arcessivit.
811 1667 841 1700 2(
861 1682 905 1695 =

209 1729 235 1763 p
247 1729 265 1748 r
278 1729 296 1748 e
305 1717 414 1748 misit.
463 1715 498 1750 {R
507 1734 554 1739 —
566 1716 597 1750 >B
607 1727 683 1758 ΞΡ
695 1726 712 1745 e
723 1726 741 1744 r
752 1713 861 1745 misit.

257 1769 376 1794 noctes
396 1769 572 1793 certarum
594 1760 675 1792 ηιαΙ.
693 1774 736 1786 Ξ
750 1759 775 1789 Β
795 1758 906 1801 quod—

197 1806 288 1839 'dam
311 1818 361 1838 ex.
386 1806 479 1838 Pinc.
500 1807 525 1840 (5,
540 1824 582 1830 —-
595 1806 643 1840 ἕ.
715 1804 744 1836 G
758 1815 795 1846 pp
820 1808 902 1847 (exc.

213 1852 242 1896 ε)
267 1851 326 1885 Pl.
339 1850 373 1884 3.
386 1850 418 1883 4.
445 1850 515 1883 Col.
539 1851 603 1885 2(OE
614 1870 657 1875 -
669 1852 732 1887 &10
743 1864 789 1876 =
801 1858 907 1881 nocte

211 1910 230 1930 s
240 1910 258 1930 c
269 1906 335 1930 ort
347 1910 366 1928 υ
376 1909 425 1929 ru
438 1908 471 1928 m
504 1896 587 1929 mul.
635 1897 699 1933 &2-
721 1910 767 1922 =
789 1903 907 1927 noctes

212 1955 230 1976 s
242 1955 319 1976 cor
331 1951 474 1975 torum
510 1941 593 1974 mul.
651 1942 679 1973 R
711 1955 755 1968 =
786 1949 907 1972 noctes

211 1996 538 2022 scortatorum
574 1987 656 2019 mul.
705 1997 775 2020 e=
789 1995 906 2018 noctes

211 2043 477 2067 ceterarum
513 2033 595 2064 mul.
642 2031 710 2064 1²2.
730 2047 776 2060 =
797 2039 906 2064 nocte

210 2087 459 2112 scorturar
471 2091 493 2111 u
505 2091 536 2110 m
560 2077 642 2110 mul.
688 2078 777 2109 Erm.
803 2076 842 2109 ci.
859 2092 905 2104 =

210 2135 331 2157 noctes
364 2133 558 2157 senator
571 2124 678 2155 iaru
691 2135 726 2154 m
747 2122 829 2154 niul.
875 2122 904 2154 R

208 2170 315 2202 maior
345 2181 420 2211 pars
442 2181 479 2211 pp
502 2170 530 2203 21
541 2184 586 2196 =
599 2167 902 2200 adolescentula-

209 2227 286 2247 rum
319 2225 340 2245 η
346 2214 500 2245 altilium.
546 2214 572 2244 Β
594 2231 639 2236 -
659 2224 792 2258 quoque
827 2218 904 2244 ante

208 2259 275 2293 tibi
291 2258 496 2304 praestabo.

253 2314 285 2348 5.
310 2327 334 2347 η
344 2316 359 2348 i
369 2327 386 2347 s
395 2314 411 2346 i
431 2313 572 2359 feceris
583 2337 592 2352 ,
629 2312 762 2344 damna
781 2327 825 2339 =
847 2311 904 2343 BR

207 2359 412 2404 antiquiores
443 2371 480 2402 pp
515 2364 549 2390 et
585 2364 767 2390 ceterorum
798 2356 905 2388 maior

207 2418 284 2451 pars
308 2407 336 2440 ὶί
350 2407 420 2440 (Sto
432 2422 479 2428 —
490 2404 537 2439 Θ.
609 2403 638 2435 G
655 2418 701 2430 =
723 2403 796 2435 m'si
821 2401 904 2446 fa—

207 2453 311 2485 cias
342 2450 403 2495 [cr.
422 2448 475 2527 m}
510 2449 642 2480 darana
674 2448 729 2490 [al.
742 2460 785 2480 m.
822 2448 904 2479 do-

207 2496 366 2540 mina]⁸
415 2495 463 2527 Co
479 2518 486 2527 .
505 2509 549 2522 =
570 2492 808 2538 utfacias
833 2492 903 2524 da-

207 2555 301 2576 mna.
339 2540 398 2574 Pl.
409 2555 454 2568 =
466 2552 489 2572 n
499 2552 551 2572 on
563 2538 623 2584 sa
633 2552 652 2571 c
662 2540 676 2571 ι’
686 2551 709 2571 a
720 2551 738 2571 s
760 2539 902 2570 damna.

207 2586 267 2621 P3.
290 2588 325 2622 {R
338 2606 380 2611 --
391 2587 423 2621 Ξ
433 2601 479 2615 Ξ
490 2586 565 2618 nisi
575 2584 712 2630 seceris
723 2609 731 2623 ‚
758 2584 782 2615 d
794 2596 812 2616 ο
824 2596 857 2615 m
869 2584 903 2615 i-

207 2645 275 2666 na.
323 2629 383 2664 P4.
397 2629 708 2676 =nislfacias
733 2630 902 2674 depra-

206 2679 353 2711 veris.
399 2677 459 2710 P2.
474 2679 507 2712 §13
522 2696 562 2701 —
577 2676 690 2711 2³..=
704 2674 781 2707 uhi
797 2673 901 2719 fece—

205 2724 271 2764 ris,
296 2724 441 2762 damna.
489 2722 545 2756 δικ
557 2737 603 2749 =
615 2721 686 2753 Illa
697 2718 756 2765 fa
768 2732 878 2753 mosa.

249 2770 349 2802 intra
375 2766 901 2814 conperendinationem

203 2828 249 2844 =
259 2815 357 2852 mss2·
376 2813 457 2850 ἕ-
469 2815 504 2850 Ε
528 2824 567 2846 ex
587 2812 628 2845 ci.
644 2811 746 2845 Enni.
816 2811 842 2842 B
855 2825 901 2840 Ξ

949 1669 1052 1700 intra
1076 1679 1195 1713 συπρα
1207 1668 1504 1702 rendinationem.
1553 1669 1642 1702 GPl.

950 1712 983 1746 3.
995 1710 1027 1745 4.
1050 1728 1095 1740 Ξ
1117 1715 1215 1745 intra
1247 1716 1533 1759 comparandi
1565 1727 1586 1747 η
1601 1727 1646 1748 ιι-

952 1759 1140 1791 tionem.
1174 1759 1368 1792 R=imra
1390 1772 1429 1791 co
1440 1772 1645 1806 rupe-ren-

952 1803 1002 1836 di
1024 1805 1278 1836 notionem.
1315 1802 1371 1836 P2.
1390 1805 1646 1843 Iffl—OEQ.==

951 1850 1050 1881 intra
1081 1850 1366 1894 comparandi
1389 1853 1556 1884 ration
1569 1863 1643 1886 em.

953 1894 1024 1926 Col.
1035 1910 1080 1922 =
1091 1897 1188 1927 intra
1213 1907 1335 1940 compa
1346 1907 1365 1927 r
1373 1907 1397 1927 a
1406 1907 1430 1927 n
1438 1896 1480 1928 di
1502 1909 1521 1928 r
1530 1909 1553 1928 a
1562 1906 1575 1928 ι
1583 1897 1646 1928 io-

953 1952 1042 1972 neS.
1079 1942 1167 1972 Erm.
1189 1940 1427 1973 ci.=citra
1449 1952 1512 1984 pro
1532 1943 1643 1975 intra.

951 1986 1151 2029 BGR(p.m.)
1165 1984 1223 2017 Pl.
1235 1985 1267 2018 3.
1279 1984 1312 2018 4.
1325 1987 1551 2032 :promissi
1569 2000 1603 2019 m
1614 1999 1643 2022 e.

953 2031 979 2063 R
993 2031 1091 2073 (am.)
1107 2032 1141 2065 {R
1151 2049 1198 2054 —
1210 2032 1242 2065 Ξ
1256 2048 1303 2056 -·
1315 2035 1396 2064 mei.

997 2089 1016 2108 e
1025 2089 1049 2108 x
1061 2076 1171 2108 stabit
1191 2091 1237 2104 =
1257 2087 1334 2110 mss.
1357 2076 1458 2109 etiam
1476 2075 1534 2118 PL
1555 2076 1587 2110 3.
1609 2074 1642 2109 4·

953 2121 1023 2153 Col.
1048 2123 1111 2153 Sac
1123 2122 1187 2155 Ἱίθὶ
1197 2139 1243 2145 -
1254 2123 1335 2156 36.
1403 2123 1437 2156 Q
1449 2138 1496 2147 —·
1515 2122 1578 2156 mlo
1595 2137 1643 2151 τ·-

950 2177 968 2198 s
978 2174 992 2198 t
1003 2165 1088 2197 abit.
1137 2177 1196 2199 mn:
1210 2180 1254 2193 =
1269 2178 1325 2198 ext
1338 2164 1416 2199 bit.

994 2211 1059 2242 Ιιοε
1085 2223 1165 2242 vero
1191 2209 1364 2243 matribus
1385 2209 1556 2254 familiae
1576 2211 1643 2245 de·-

949 2255 1119 2287 nunu'are
1149 2264 1204 2288 est
1216 2271 1261 2284 =
1272 2267 1349 2287 mss.
1384 2263 1467 2300 (exc.
1489 2256 1546 2300 qui
1564 2268 1643 2291 mox

948 2299 1180 2343 laudabuntur)
1195 2302 1311 2335 Xffi—
1320 2302 1383 2339 (32.
1453 2300 1512 2334 Pl.
1524 2321 1568 2327 —
1581 2314 1643 2335 ve-

949 2357 998 2377 ro.
1049 2346 1152 2389 Ββπφ
1183 2358 1233 2378 ex.
1267 2345 1357 2378 Pinc.
1406 2345 1493 2378 idem
1507 2372 1516 2387 ,
1551 2347 1641 2392 quod

949 2390 1028 2422 alias
1059 2390 1276 2423 domesticum
1305 2391 1359 2423 vel
1403 2391 1548 2424 amiliare
1577 2404 1641 2436 ap·-

948 2435 1062 2479 pellan
1075 2435 1131 2468 P2.
1147 2437 1171 2471 (ξ
1185 2456 1226 2461 —
1238 2438 1272 2472 Q
1284 2451 1327 2464 Ξ
1338 2436 1383 2469 ΙΙ
1390 2437 1434 2469 [α
1445 2437 1470 2469 d
1489 2445 1542 2470 est
1562 2451 1641 2470 ma·-

947 2481 1061 2513 tribus
1080 2480 1257 2525 familiae
1297 2482 1512 2514 denuntiare
1520 2507 1530 2522 ,
1576 2483 1641 2517 Ιιοσ

949 2526 1133 2559 illudar
1145 2539 1173 2559 e.
1223 2526 1306 2560 B=
1321 2528 1409 2560 Hic·
1429 2528 1576 2561 iudices.

991 2579 1023 2614 6.
1049 2583 1076 2614 Β
1094 2598 1140 2610 Ξ
1162 2583 1358 2628 elegenter
1381 2583 1471 2616 illis.
1517 2581 1584 2616 Pl.
1604 2582 1637 2617 3-

946 2643 992 2656 Ξ
1005 2630 1104 2661 Inter
1127 2629 1149 2659 Ιι
1159 2640 1181 2660 α
1191 2640 1238 2661 ec
1259 2637 1376 2660 tamen
1399 2629 1503 2660 iococ.
1543 2628 1636 2671 G(n.)

952 2678 986 2711 -ξ-
1005 2674 1043 2705 in
1069 2674 1204 2706 iudicio
1224 2672 1278 2706 bo
1289 2685 1351 2706 no.
1397 2674 1423 2705 B
1437 2688 1482 2700 =
1493 2672 1540 2706 la
1553 2685 1638 2707 eno.

948 2721 1011 2756 (551.
1022 2734 1066 2746 =
1079 2720 1188 2764 Quicq
1199 2719 1246 2751 ui
1256 2718 1281 2751 d
1301 2716 1418 2761 fuisse
1440 2719 1641 2763 corruptius

949 2764 1047 2807 (male
1069 2764 1165 2796 Grut.
1180 2763 1247 2796 hoc
1262 2762 1306 2796 ad
1316 2762 1405 2796 Piuc.
1419 2774 1491 2796 exx.
1505 2764 1639 2808 refert).

946 2810 973 2841 B
982 2825 1028 2838 Ξ
1041 2809 1100 2843 illi
1109 2821 1132 2842 u
1141 2821 1160 2843 s
1182 2807 1347 2843 moribuae.
