1742 3094
255 143 340 188 368
702 144 747 185 L.
776 144 973 184 ANNAEI
1004 145 1234 185 SENECAE

225 275 242 303 9
259 256 475 313 acceperit,
507 270 532 297 a
554 271 655 312 quo,
687 258 863 312 quando,
895 257 986 310 ubi,
1017 258 1352 312 quemadmodum.
1411 255 1549 312 Itaque
1568 269 1643 312 neg
1667 280 1686 287 -

255 340 342 366 mus
366 339 595 380 quemquam
617 325 719 366 scire
739 326 904 380 gratiam
925 327 1076 367 referre
1096 326 1172 367 nisi
1194 326 1432 381 sapientem:
1465 339 1545 366 non
1563 323 1686 379 magis

256 408 370 449 quam
399 393 628 435 beneficium
659 394 752 435 dare
782 394 983 449 quisquam
1013 394 1089 435 scit
1116 393 1192 434 nisi
1222 393 1405 448 sapiens,
1446 393 1509 434 hic
1538 392 1688 433 scilicet

257 462 323 517 qui
351 461 476 517 magis
507 462 596 502 dato
626 462 768 517 gaudet
792 476 904 517 quam
935 462 1033 503 alius
1063 468 1240 517 accepto.
1299 460 1387 502 Hoc
1416 460 1556 515 aliquis
1584 459 1688 500 inter

255 530 322 571 illa
341 536 522 571 numerat
544 544 642 584 quae
664 530 842 570 uidemur
867 530 1095 583 inopinata
1115 529 1294 570 omnibus
1315 529 1445 570 dicere
1467 523 1690 584 (παράδοξα

257 596 404 639 Graeci
424 598 582 652 uocant)
608 604 647 638 et
670 597 746 638 ait:
778 595 910 638 Nemo
937 611 1031 652 ergo
1054 597 1128 637 scit
1149 603 1305 652 praeter
1326 596 1540 652 sapientem
1565 594 1689 636 refer-

255 680 302 707 re
333 662 526 721 gratiam?
568 679 663 719 ergo
689 679 761 706 nec
790 665 892 718 quod
921 664 1036 705 debet
1065 664 1250 705 creditori
1270 677 1351 705 suo·
1367 675 1560 719 reponere
1585 661 1690 717 quis-

258 749 372 788 quam
394 733 468 774 scit
488 733 614 774 alius?
643 746 715 773 nec
729 763 740 783 ‚
775 746 860 772 cum
885 731 979 772 emit
999 731 1164 786 aliquam
1186 745 1268 772 rem
1284 762 1296 781 ‚
1326 731 1492 786 pretium
1513 729 1692 771 uendito-

258 803 292 843 ri
323 801 575 857 persoluere?
631 798 698 840 Ne
726 799 838 840 nobis
858 799 924 839 fiat
951 799 1119 850 inuidia,
1151 798 1250 839 scito
1274 797 1378 839 idem
1400 797 1530 838 dicere
1548 795 1693 852 Epicu-

210 885 243 912 πο
259 885 360 912 rum.
406 868 662 911 Metrodorus
687 874 794 908 certe
817 867 870 908 ait
890 867 1025 909 solum
1050 868 1287 921 sapientem
1307 864 1487 921 referre
1501 864 1693 920 qratiam

256 940 387 981 scire.
443 935 600 978 Deinde
628 936 731 976 idem
759 935 994 987 admiratur,
1028 949 1113 975 cum
1141 934 1328 975 dicimus:
1369 932 1501 975 Solus
1519 933 1694 987 sapiens

258 1008 339 1049 seit
368 1018 532 1047 amare.
591 1005 708 1045 solus
735 1005 911 1057 sapiens
939 1004 1100 1044 amiens
1128 1008 1202 1044 est.
1260 1001 1383 1056 Atqui
1411 1007 1452 1042 et
1479 999 1624 1041 amoris
1652 1005 1692 1040 et

259 1074 454 1116 amicitiae
476 1087 566 1128 pars
587 1079 649 1113 est
669 1072 820 1112 referre
841 1071 1029 1126 gratiam:
1062 1071 1179 1111 immo
1206 1070 1279 1111 hoc
1303 1069 1428 1124 magis
1451 1068 1612 1123 uolgare
1632 1073 1694 1108 est

259 1150 300 1184 et
318 1143 359 1183 in
380 1142 512 1198 plures
535 1140 637 1181 cadit
657 1153 770 1194 quam
791 1153 886 1180 uera
904 1139 1087 1180 amicitia.
1146 1136 1302 1179 Deinde
1328 1137 1432 1178 idem
1461 1135 1689 1187 admiratur,

260 1211 363 1266 quod
386 1209 548 1250 dicimus
576 1206 705 1262 fidem
727 1208 811 1248 uisi
835 1208 879 1247 in
903 1207 1099 1260 sapiente
1119 1218 1207 1246 mm
1233 1218 1348 1255 esse,
1387 1210 1580 1258 tamquam
1613 1216 1693 1244 non

258 1278 344 1334 ipse
367 1277 470 1318 idem
497 1276 614 1316 dicat.
674 1273 741 1315 An
765 1274 834 1314 tibi
857 1274 1012 1315 uidetur
1033 1274 1146 1314 fidem
1172 1272 1316 1314 habere
1338 1271 1402 1327 qui
1423 1271 1575 1312 referre
1603 1283 1694 1325 gra-

213 1346 352 1387 utiam
375 1344 531 1386 nescit?
587 1341 783 1384 Desinant
804 1342 934 1397 itaque
958 1342 1147 1382 infamare
1171 1355 1243 1382 nos
1267 1347 1460 1395 tamquam
1486 1337 1695 1379 incredibi-

258 1415 310 1456 lia
339 1414 528 1455 iactantes
550 1418 590 1452 et
619 1411 746 1452 sciant
775 1411 874 1467 apud
904 1410 1121 1466 sapientem
1144 1422 1233 1450 esse
1253 1408 1338 1463 ipsa
1363 1407 1550 1459 honesta,
1591 1405 1693 1461 apud

258 1483 417 1538 uolgum
445 1480 654 1522 simulacra
675 1493 807 1520 rerum
832 1479 1082 1519 honestarum
1105 1483 1144 1518 et
1167 1475 1330 1531 effigies.
1388 1473 1520 1516 Nemo
1541 1474 1694 1515 referre

257 1550 423 1606 gratiam
465 1549 539 1589 scit
575 1547 648 1588 nisi
687 1547 859 1600 sapiens.
933 1544 1084 1587 Stultus
1128 1557 1280 1598 quoque
1319 1549 1529 1596 utcumque
1566 1541 1619 1582 sit
1654 1546 1694 1581 et

262 1616 582 1673 quemadmodum
606 1621 735 1669 potest
754 1614 926 1654 referat:
971 1612 1134 1652 scientia
1155 1610 1211 1651 illi
1231 1609 1359 1665 potius
1379 1622 1493 1663 quam
1512 1608 1692 1649 uoluntas

212 1690 245 1719 12
263 1686 378 1728 desit.
438 1682 552 1725 Uelle
572 1696 650 1723 non
673 1681 851 1722 discitur.
912 1678 1081 1735 Sapiens
1103 1678 1206 1719 inter
1226 1691 1270 1719 se
1290 1676 1420 1718 omnia
1441 1675 1689 1731 conparabit:

259 1754 384 1795 maius
416 1750 519 1794 enim
550 1757 618 1790 aut
645 1749 773 1790 minus
802 1749 868 1800 fit,
913 1746 1090 1803 quamuis
1115 1746 1217 1786 idem
1239 1745 1312 1796 sit,
1345 1751 1544 1800 tempore,
1586 1743 1690 1794 loco,

261 1835 393 1863 causa.
457 1817 586 1874 Saepe
609 1817 713 1858 enim
735 1817 809 1857 hoc
832 1830 911 1857 non
936 1822 1098 1871 potuere
1121 1812 1280 1854 diuitiae
1299 1812 1341 1853 in
1364 1812 1518 1854 domum
1539 1810 1692 1852 infusae

261 1889 363 1945 quod
387 1893 603 1944 opportune
632 1884 710 1926 dati
731 1884 822 1926 mile
846 1883 1011 1925 denarii.
1071 1880 1240 1923 Multum
1259 1880 1362 1922 enim
1387 1879 1555 1920 interest
1572 1878 1692 1919 dona-

259 1958 367 1999 ueris
389 1970 438 1997 an
461 1952 731 2003 succurreriS‚
771 1951 994 1993 seruauerit
1023 1950 1130 1992 illum
1148 1956 1216 1990 tua
1239 1947 1454 1990 liberalitas
1477 1960 1528 1988 an
1546 1946 1691 1988 instru-

304 2033 338 2068 9.
362 2047 379 2067 r
388 2050 433 2063 =
447 2036 497 2066 Is
521 2033 658 2065 scilicet
681 2032 753 2076 qui.
1048 2027 1101 2061 11.
1139 2028 1170 2060 G
1190 2042 1237 2080 ,Ξ
1254 2026 1392 2059 Stultus
1427 2036 1562 2073 quoque
1591 2036 1616 2057 u
1625 2023 1691 2057 bi-

260 2089 489 2179 =x5'fjffga.
508 2091 668 2176 ,ἷτῇπ-Ϊ
676 2099 754 2164 551?
754 2086 783 2177 ἔ
791 2098 846 2163 ἴα
857 2143 887 2163 ο.
895 2087 955 2165 Ὗξξὶ
1001 2080 1245 2154 ωἵιὲαέἑῒ
1253 2117 1372 2151 Sme=
1383 2114 1536 2159 Sapiens
1557 2113 1573 2146 i
1579 2123 1603 2145 n
1613 2121 1657 2146 tr
1665 2124 1690 2146 a

260 2197 306 2210 =
318 2181 529 2216 Μαπατιορα.
554 2178 608 2210 alii
627 2177 732 2210 aliter.
801 2177 829 2207 R
841 2194 882 2200 -—-
894 2187 953 2207 er·-
1001 2176 1039 2196 ⁸⁶

259 2239 307 2274 go
328 2231 405 2270 post
415 2225 539 2258 Nemo.
594 2224 869 2266 P=quisquam
885 2232 924 2252 ει
936 2232 955 2251 c
1000 2253 1086 2297 (nm.
1104 2256 1138 2290 ἦ.
1155 2252 1248 2283 enim
1266 2262 1352 2295 opu
1363 2249 1393 2291 ³)
1414 2261 1431 2282 r
1447 2248 1574 2295 antiqq·
1598 2259 1635 2291 ρρ
1655 2252 1691 2280 et

260 2273 367 2306 alius.
1136 2296 1144 2303 ,

305 2327 373 2361 Ne
392 2324 493 2358 nobis
504 2324 580 2368 fiat
591 2323 683 2355 =sP
695 2321 761 2355 mG
770 2320 827 2354 P2.
837 2319 870 2353 4.
882 2319 952 2354 Col.
998 2297 1069 2378 ἕρ·
1080 2295 1347 2374 111ῗέῐὲἳίῗέ
1354 2296 1432 2372 Essa
1441 2293 1501 2372 {le-
1509 2292 1690 2384 521’033’}

260 2373 473 2460 332-ssst
507 2371 620 2447 aa:
668 2367 826 2405 Ἦ
835 2366 955 2444 2503
1091 2387 1284 2430 mfmfia-
1406 2389 1442 2424 ÷
1458 2384 1582 2461 213...
1598 2393 1692 2416 ..m

253 2465 330 2509 fiat
348 2470 438 2496 et=
449 2460 648 2493 iniuria.
696 2454 952 2500 PwArg.bBP1.
999 2442 1061 2466 ’ἀι
1081 2445 1198 2485 ''any‘'
1218 2444 1268 2479 ⁰1²
1279 2442 1330 2482 ,υς
1343 2430 1408 2474 fit·
1455 2429 1505 2462 Re
1532 2452 1541 2460 ⁰
1554 2428 1690 2472 99&—

419 2508 447 2540 Β
468 2506 493 2539 11
576 2505 588 2537 1
999 2480 1205 2517 ffi-ff—Mcuus
1226 2489 1321 2509 emm
1341 2487 1455 2522 opus
1475 2481 1539 2507 aut
1558 2483 1685 2506 minas.

261 2529 304 2535 -
319 2521 373 2542 ⁷²⁶·
450 2518 468 2539 ⁰
495 2517 558 2538 ·¹¹·
591 2528 599 2536 ·
1002 2525 1062 2556 Ga
1081 2524 1166 2567 μω)
1189 2522 1260 2555 001.
1282 2523 1335 2557 κε
1353 2539 1396 2546 -.
1414 2521 1479 2555 sm
1497 2533 1544 2548 =
1563 2517 1689 2550 Maius

309 2576 361 2610 10.
386 2576 415 2608 R
427 2595 470 2600 —
481 2582 515 2606 et
536 2578 613 2617 post
629 2571 750 2623 Atqui.
789 2571 819 2603 G
832 2569 950 2615 (cnm)
999 2583 1018 2602 e
1031 2570 1077 2601 iu
1088 2581 1106 2601 s
1139 2581 1221 2614 opu
1233 2580 1252 2601 s
1274 2574 1337 2599 aut
1358 2566 1484 2598 minus.
1552 2561 1686 2612 amflffv

261 2625 367 2655 =At
386 2621 593 2666 quietam
616 2628 719 2651 oris
742 2623 776 2648 et
807 2628 875 2650 am.
998 2615 1360 2649 Kerat—z-ncm
1379 2615 1608 2654 anteponere
1625 2605 1687 2638 dc·-

306 2669 335 2702 21
350 2671 385 2705 -ὶ-
399 2664 540 2710 referre
559 2663 719 2710 gratiam
752 2673 770 2694 a
781 2662 890 2695 cire.
926 2662 952 2692 B
999 2661 1122 2692 vitiae.
1202 2669 1244 2692 οσ
1262 2671 1308 2686 =
1330 2656 1410 2689 vix
1434 2660 1581 2701 ponere
1611 2650 1685 2683 div-

267 2717 301 2752 -1-
325 2712 486 2759 gratiam
518 2710 611 2742 scit
644 2706 792 2753 referre.
861 2718 891 2738 w
909 2724 948 2730 —
997 2706 1088 2740 ffl—
1101 2705 1135 2739 B
1153 2719 1200 2732 =
1212 2706 1453 2750 potuerunt·
1532 2696 1687 2736 (ἶζὲκΞ

261 2769 331 2792 non
358 2769 437 2791 esse
461 2761 540 2800 post
562 2755 601 2787 in
629 2753 801 2799 sapiente.
870 2763 898 2784 w
907 2766 953 2781 =
998 2751 1037 2783 in
1065 2750 1204 2782 domum
1238 2745 1419 2794 effusae.
1498 2753 1527 2774 w
1543 2756 1588 2770 =
1603 2753 1628 2775 a
1637 2747 1684 2777 aa

260 2803 399 2850 referre
417 2801 578 2847 gratiam
598 2811 621 2831 n
633 2812 652 2832 o
660 2811 679 2832 ε
689 2798 750 2831 cit.
998 2794 1228 2829 succurreris.

1041 2187 1168 2240 'Maius
1195 2205 1289 2238 enim
1306 2212 1369 2238 aut
1387 2202 1690 2236 minas=PGwR
