1742 3094
377 184 594 226 EPISTUL.
624 182 743 224 Mon.
773 181 867 222 Lm.
889 181 993 222 XVI.
1024 182 1097 223 ΕΡ.
1122 187 1161 223 2.
1194 186 1292 232 (97.)
1463 178 1549 223 543

557 315 882 360 EPISTULA
910 312 966 356 11.
999 316 1110 371 (97.)

482 385 638 429 snum
675 384 841 427 Lucmo
881 398 954 426 suo
991 397 1181 426 sumen.

230 475 383 531 Erras,
424 477 478 519 mi
498 475 650 529 Lucili,
694 476 729 518 si
754 475 957 517 existimas
992 474 1117 516 nostri
1146 474 1267 516 seculi
1295 488 1384 517 esse
1409 475 1547 519 uitium

118 544 313 588 luxuriam
334 551 377 588 et
406 544 694 600 neglegentiam
724 543 816 585 boni
845 542 965 584 moris
990 549 1030 584 et
1049 541 1124 583 alia
1156 555 1256 598 quae
1286 542 1431 584 obiecit
1464 545 1546 586 suis

118 613 280 669 quisque
297 611 550 668 temporibus.
610 609 820 653 Hominum
843 618 933 652 sunt
950 610 1040 662 ista,
1072 623 1151 651 nou
1168 615 1407 666 temporum:
1441 611 1547 654 nulla

117 688 227 723 aetas
247 681 404 723 uacauit
418 695 443 721 a
463 681 586 735 culpa.
649 679 703 721 Et
723 679 756 720 si
775 678 982 720 aestimare
1002 677 1196 719 licentiam
1218 678 1404 733 cuiusque
1421 679 1545 720 seculi

117 748 302 804 incipias,
346 747 482 804 (pudet
502 748 650 801 dicere)
676 761 883 802 numquam
907 746 1078 802 apertius
1101 760 1215 800 quam
1234 760 1366 787 coram
1389 744 1544 788 Catone

117 823 318 872 peccatum
355 822 431 857 est.
490 813 639 856 Credat
667 815 805 869 aliquis
834 814 1036 870 pecuniam
1071 827 1160 854 esse
1190 821 1386 855 uersatam
1421 815 1461 855 in
1495 829 1577 858 e02

50 887 53 891 ’
116 882 260 924 iudicio
278 883 319 924 iu
339 898 414 938 quo
435 896 526 924 reus
549 890 635 923 erat
654 880 815 924 Clodius
838 882 886 923 ob
905 881 942 922 id
966 881 1195 922 adulterium
1216 882 1317 936 quod
1337 896 1423 923 cum
1445 879 1548 924 Cae-

117 950 216 992 saris
238 964 364 992 uxore
386 951 426 991 in
448 957 584 1006 aperto
605 950 855 991 commiserat
872 949 1025 990 uiolatis
1047 948 1302 1003 religionibus
1324 949 1408 991 eius
1424 951 1548 1012 sacri-

116 1018 194 1059 ficii
228 1017 330 1072 quod
353 1031 423 1073 pro
447 1018 588 1073 populo
617 1017 702 1058 fieri
724 1017 864 1058 dieitur
887 1017 945 1058 sic
968 1016 1158 1057 submotis
1179 1024 1294 1058 extra
1319 1027 1547 1074 conseptum

117 1085 294 1126 omnibus
315 1085 427 1136 uiris,
459 1091 501 1126 ut
519 1084 691 1140 picturae
718 1098 870 1139 quoque
892 1083 1152 1125 masculorum
1172 1083 1394 1126 animalium
1413 1094 1549 1129 coute-

117 1154 287 1207 gantur?
341 1151 463 1208 Atqui
483 1152 563 1193 dati
579 1151 768 1193 iudicibus
790 1152 934 1193 nummi
956 1157 1043 1192 suut
1061 1157 1102 1192 et
1119 1151 1220 1206 quod
1239 1152 1308 1193 bac
1325 1153 1548 1196 etiamnunc

115 1220 295 1275 pactione
319 1219 469 1275 turpius
494 1227 554 1260 est
577 1226 708 1274 stupra
735 1219 894 1275 insuper
919 1226 1184 1260 matronarum
1210 1226 1251 1260 et
1277 1221 1548 1264 adolescentu-

118 1287 242 1333 lorum
276 1287 459 1328 nobilium
481 1286 634 1328 stillarii
657 1287 743 1327 loco
765 1294 905 1327 exacta
928 1293 1032 1327 suut.
1090 1285 1227 1327 Minus
1247 1287 1409 1330 crimine
1430 1304 1544 1344 quam
1561 1310 1579 1336 ³

118 1353 363 1395 absolutione
397 1362 596 1410 peccatum
627 1361 702 1395 est.
762 1353 958 1394 Adulterii
988 1368 1080 1394 reus
1108 1354 1298 1396 adulteria
1317 1356 1449 1398 diuisit
1473 1372 1547 1399 uec

116 1428 207 1462 ante
229 1421 300 1462 fuit
317 1422 365 1462 de
386 1422 511 1463 salute
539 1435 702 1463 securus
719 1452 731 1472 ‚
776 1433 889 1476 quam
915 1421 1061 1462 similes
1093 1421 1152 1462 sui
1174 1421 1323 1464 iudices
1342 1438 1436 1466 suos
1457 1426 1547 1467 red-

118 1489 227 1529 didit.
288 1487 397 1529 Haec
419 1489 459 1529 in
479 1503 526 1530 eo
546 1489 688 1530 iudicio
708 1490 807 1530 facta
826 1496 917 1529 suut
937 1489 976 1530 in
996 1503 1088 1543 quo,
1121 1489 1156 1530 si
1178 1490 1273 1530 nihil
1292 1491 1411 1543 aliud,
1444 1490 1546 1535 Cato

116 1555 379 1597 testimouium
401 1557 571 1598 dixerat.
630 1555 720 1611 Ipsa
743 1562 890 1612 ponam}
903 1556 1022 1597 uerba
1039 1557 1127 1611 quia
1146 1571 1211 1598 res
1235 1557 1348 1599 fidem
1371 1562 1543 1603 excedit:

118 1620 328 1666 Cicssuoms
348 1623 624 1667 Emsrummm
650 1616 699 1665 Ab
714 1624 894 1666 Amet]
913 1639 1022 1665 maen
1040 1622 1076 1666 Ι.
1135 1625 1380 1669 Accm·siuit
1401 1628 1462 1670 ad
1484 1643 1545 1683 se,
1564 1647 1581 1674 4

230 1737 304 1775 m.
325 1738 418 1775 xvi.
465 1741 526 1787 Ep.
550 1740 584 1776 2.
611 1735 693 1788 (97.)

164 1784 205 1818 ob
213 1788 255 1819 ie
263 1788 313 1820 cit
331 1803 376 1815 =
397 1789 458 1820 BG
468 1790 531 1821 sac
542 1789 620 1824 Ἰίὲῗ.
688 1789 753 1824 Rffi
764 1807 811 1814 -

119 1831 183 1866 ffliu
193 1847 238 1859 =
247 1832 288 1864 ob
298 1833 313 1864 i
320 1834 335 1864 i
344 1834 405 1865 cit.

164 1874 197 1909 2.
222 1877 247 1907 Β
266 1881 301 1914 -ι-
317 1879 361 1909 A.
387 1877 543 1909 Clodius.
579 1878 608 1911 ’Χ
624 1882 658 1916 4-
676 1880 715 1910 P.
727 1878 812 1910 clo-

119 1919 213 1953 elius.
248 1920 339 1965 quod
369 1921 511 1954 fortasse
539 1929 610 1954 erat
645 1922 812 1966 recipien-

120 1964 210 1997 dum.

165 2011 204 2043 in
227 2019 359 2055 aperto
376 2025 421 2039 =
439 2023 515 2043 mss.
530 2012 613 2056 (exc.
626 2025 647 2047 κ
658 2011 732 2056 P4.)
746 2014 812 2048 ’Χθὶ

122 2073 165 2079 —-
173 2055 268 2090 im&-
322 2054 403 2090 xP4.
417 2055 456 2088 ci.
470 2057 560 2089 Pinc.
571 2059 592 2092 Z
600 2059 710 2093 —ffliu
718 2074 762 2086 =
772 2060 811 2091 in

123 2111 144 2132 ο
151 2108 264 2149 pello.
289 2142 292 2143 ⁷
310 2102 356 2136 *Π
369 2119 415 2125 -
429 2102 506 2134 eius
528 2109 606 2134 ante
623 2104 810 2147 sacrificii.

122 2143 264 2184 Quidam
282 2144 372 2178 Pinc-
393 2161 439 2174 =
459 2147 674 2193 religionis.
722 2148 809 2181 unde

119 2188 211 2236 Pine-
226 2189 268 2223 ci.
278 2205 325 2219 =
338 2191 435 2224 viola
444 2200 459 2224 t
470 2204 493 2224 a
515 2193 647 2238 religio
655 2205 679 2225 n
688 2207 708 2226 e
732 2195 810 2227 eihs

121 2236 267 2268 sacri.
314 2235 373 2268 Pl.
386 2252 432 2265 =
446 2238 585 2270 violari
595 2251 614 2270 s
637 2239 713 2272 eius
743 2251 808 2271 su—

121 2278 263 2322 crificii.
307 2279 368 2313 1³3.
381 2281 415 2314 4.
436 2297 481 2310 =
500 2284 679 2328 religioni
689 2296 708 2317 s
731 2285 808 2317 eius

122 2323 290 2366 sacrifici
299 2326 314 2357 i
321 2336 350 2357 a.

122 2410 150 2446 E
166 2377 515 2451 Ιεπὲναΐξοηςᾶμέιὲἆ
528 2373 717 2452 εΙὲΡὶηο.
736 2387 768 2407 v.
785 2374 810 2406 l.

152 2424 169 2444 r
183 2436 192 2444 .
246 2424 264 2445 e
306 2436 316 2445 .
526 2436 568 2441 —
642 2433 687 2446 =
708 2428 812 2452 extra

123 2469 238 2535 2223?
247 2467 432 2536 {titania-em
443 2460 812 2549 {gscgeqnggcgigagffi

122 2547 192 2580 rad.
240 2571 248 2579 .
270 2549 439 2581 vocaverit
464 2561 515 2595 op
524 2563 543 2582 e
552 2563 571 2582 r
580 2559 595 2583 t
604 2564 625 2583 u
635 2564 669 2584 m
691 2554 814 2586 Bonae

122 2595 239 2630 Deae.
286 2592 465 2637 laudatque
509 2596 628 2638 ¹Appul.
667 2597 716 2629 M.
750 2599 808 2630 ΙΙΙ.

121 2648 156 2681 p.
177 2635 253 2671 136.
275 2637 308 2669 b.
342 2638 418 2670 Liv.
440 2639 495 2679 X,
516 2638 583 2680 38,
606 2640 628 2672 5
651 2647 684 2673 et
703 2639 736 2674 6.
781 2643 810 2675 R

124 2681 194 2715 Col.
206 2700 252 2707 -
262 2683 337 2714 hac*
350 2690 429 2715 ante
447 2685 658 2717 etiamnunc.
695 2685 750 2719 P2.
764 2702 811 2716 =

122 2727 229 2759 etium
254 2728 270 2760 i
279 2739 303 2759 n
325 2729 394 2760 Ιιαι·
412 2729 589 2774 pactione.
638 2731 668 2763 G
689 2746 735 2759 =
755 2741 811 2765 ee·

121 2771 194 2803 iam
224 2774 636 2819 nuncupationem.
661 2775 808 2810 Pl.3.4.

119 2818 282 2850 =eeiam
301 2820 651 2866 nuncupatione
668 2823 810 2867 pactio·-

855 1756 879 1776 n
890 1757 909 1777 e
920 1757 964 1776 m.
1008 1740 1037 1777 R
1057 1739 1163 1779 maior
1181 1758 1257 1790 pars
1270 1759 1308 1791 ρρ
1322 1742 1352 1783 1'
1363 1763 1409 1777 =
1423 1741 1548 1782 ‹uiole-⁴

855 1790 994 1822 sceneul
1000 1803 1021 1822 α
1032 1803 1119 1824 rum.

901 1835 1118 1868 stillat-ii
1143 1837 1272 1869 loco=
1292 1839 1340 1875 Q
1409 1840 1434 1871 B
1448 1841 1482 1874 {R
1502 1858 1545 1865 -

856 1882 1124 1915 32=stilari
1146 1883 1231 1916 loco.
1279 1882 1411 1917 GP1.2.
1423 1884 1456 1917 3.
1472 1884 1543 1918 Col.

856 1926 885 1959 Χ
897 1941 943 1953 =
953 1927 1099 1958 stillari
1121 1927 1207 1960 loco.
1254 1926 1314 1960 P4.
1337 1944 1382 1957 =
1401 1931 1546 1964 stillari

857 1978 982 2003 exacta
1005 1980 1086 2003 sunt
1106 1983 1170 2003 om.
1198 1972 1282 2007 loco.
1328 1974 1357 2006 R
1368 1990 1412 2003 =
1425 1977 1548 2009 stilla-

857 2016 925 2048 ris
952 2017 1038 2048 loco.
1085 2017 1194 2049 Maior
1212 2030 1287 2062 pars
1297 2030 1336 2062 ρρ
1347 2035 1392 2048 =
1404 2022 1548 2054 seila-

855 2073 875 2092 r
884 2061 900 2093 i
921 2061 974 2093 vel
996 2061 1117 2094 stillat
1127 2063 1142 2094 i
1151 2075 1169 2095 s
1193 2064 1275 2096 loco.
1323 2066 1357 2100 Β
1369 2085 1415 2091 -
1427 2067 1490 2102 {mu
1500 2083 1547 2097 =

856 2118 874 2139 s
882 2118 905 2138 a
916 2106 962 2138 la
973 2108 1023 2138 rii
1044 2107 1130 2139 Ioco.
1154 2108 1221 2140 vid.
1246 2109 1319 2144 Iud.

898 2150 930 2185 3.
957 2151 1077 2195 (ἥξω)
1090 2167 1134 2180 =
1146 2154 1267 2186 simili
1276 2167 1294 2186 s
1317 2157 1387 2190 sui.

897 2198 923 2228 I
942 2208 984 2228 sa
996 2209 1128 2242 punam
1149 2198 1311 2231 verba:
1324 2202 1358 2232 B.
1420 2202 1547 2240 GRK&

853 2210 940 2277 -ἐ
957 2246 992 2280 4-
1013 2242 1118 2275 verba
1140 2245 1336 2278 Cicer-on
1350 2247 1400 2280 is.
1426 2249 1452 2279 R
1469 2256 1547 2292 post

853 2288 995 2320 excedit
1016 2288 1129 2320 adiicit
1153 2291 1190 2322 V
1186 2291 1261 2330 ale,
1286 2297 1443 2336 tanquam
1474 2294 1546 2326 linis

856 2339 943 2365 esset
965 2332 1144 2376 epistolae:
1169 2341 1267 2379 atque
1288 2336 1387 2369 docet
1398 2339 1544 2371 Sanctol.

856 2376 1032 2421 plerosque
1054 2390 1091 2421 ρρ
1103 2391 1123 2410 a
1144 2380 1253 2412 verbis
1274 2384 1475 2416 Accersivit
1497 2385 1548 2417 ad

857 2433 896 2453 se
914 2433 1035 2454 novam
1066 2424 1240 2466 epistolam
1265 2426 1410 2470 incipere
1421 2453 1430 2467 ‚
1456 2435 1489 2460 et
1510 2429 1545 2461 in

856 2478 875 2498 e
897 2467 1018 2500 Matth.
1040 2467 1128 2500 idem
1147 2469 1242 2502 vidit.

900 2509 933 2543 4.
958 2513 1139 2546 Ciceronis
1152 2516 1398 2559 Epistularum
1415 2518 1465 2549 ad
1475 2520 1546 2551 Ac-

856 2556 963 2588 ticum
987 2557 1078 2590 liber
1097 2560 1127 2591 I.
1147 2575 1193 2588 =
1216 2561 1252 2591 B.
1324 2561 1355 2592 G
1370 2577 1417 2589 =
1442 2575 1475 2593 ω
1505 2575 1545 2596 e-

852 2597 1006 2645 pl'arum
1025 2603 1074 2635 ad
1091 2616 1134 2636 ac
1144 2606 1258 2636 ticum
1278 2605 1368 2637 liber
1387 2608 1482 2652 prim
1493 2621 1515 2640 u
1526 2619 1547 2641 s

858 2645 912 2689 (al.
933 2658 976 2678 m.
997 2647 1047 2680 lib
1057 2660 1076 2678 r
1086 2660 1106 2679 o
1127 2650 1218 2693 prim
1230 2649 1275 2688 ο).
1323 2651 1415 2684 Haec
1438 2653 1471 2684 in
1501 2665 1544 2684 n·-

854 2695 973 2735 troque
985 2692 1059 2724 cod.
1078 2693 1177 2725 rubro
1199 2700 1274 2726 sunt
1287 2695 1419 2740 scripta.
1443 2698 1542 2742 Saff)

856 2736 890 2770 ῢ
903 2751 949 2764 =
964 2750 997 2767 ω
1015 2737 1121 2769 libro
1140 2739 1169 2769 Ι.
1216 2739 1440 2777 ΒΧθῘ-Ἧῖα
1462 2743 1546 2775 haec

855 2781 1023 2814 omittunt.
1060 2782 1177 2825 stoe)
1188 2798 1232 2811 =
1245 2786 1315 2817 Acc
1325 2798 1396 2819 ess
1408 2800 1426 2819 e
1436 2801 1485 2820 ru
1496 2800 1519 2820 n
1531 2797 1546 2821 t

855 2826 904 2858 ad
935 2832 982 2859 ae.
1039 2828 1069 2862 21
1087 2842 1132 2855 =
1152 2831 1314 2863 Accersu
1326 2843 1348 2863 n
1360 2839 1375 2864 t
1409 2833 1458 2865 ad
1495 2835 1550 2867 sei
