1742 3094
323 199 542 240 EPISTUL.
570 198 690 240 MOR.
721 198 815 238 LlB.
838 198 977 239 xvm.
1007 200 1081 240 ΕΡ.
1109 205 1149 241 5.
1181 204 1307 250 (108.)
1443 201 1528 245 609

99 310 236 353 borum
259 309 433 353 inanium
459 310 627 353 sonitus.
687 308 733 352 Si
756 309 844 365 quid
868 309 1012 351 acriter
1031 317 1167 352 contra
1191 319 1356 354 mortem
1380 313 1523 355 dictum
1538 323 1556 350 8

99 384 187 429 est,
218 377 254 419 si
275 378 366 432 quid
389 385 525 421 eontra
546 379 740 419 fortunam
763 377 1067 422 contumaciter:
1098 377 1205 419 iuuat
1228 380 1404 434 protinus
1424 396 1524 436 quae

99 444 235 486 audias
261 445 408 487 faeere.
465 444 712 486 Adficiuntur
728 444 805 486 illis
821 451 862 486 et
885 450 977 486 sunt
997 444 1131 499 quales
1152 445 1356 499 iubentur,
1403 449 1436 489 si
1458 449 1525 490 illa

98 512 226 554 animo
247 513 649 568 forma-permaneat,
691 512 725 553 si
747 512 826 554 non
845 512 1016 568 inpetum
1038 511 1232 566 insignem
1260 514 1435 568 protinus
1456 531 1526 572 po·-

98 579 232 635 pulus,
278 579 432 623 honesti
455 579 680 631 dissuasor,
722 579 908 634 excipiat.
967 577 1088 620 Pauci
1117 579 1221 620 inam
1244 594 1357 634 quam
1384 596 1526 624 conce-

97 652 234 702 perant
249 653 418 691 mentem
435 646 588 688 domum
604 647 780 702 perferre
796 652 1018 702 potuerunt.
1078 644 1214 688 Facile
1231 655 1291 688 est
1306 649 1524 691 auditorem

97 713 294 755 concitare
315 714 362 755 ad
382 714 627 770 cupiditatem
644 714 764 756 rectit
797 714 974 756 omnibus
995 714 1099 756 euim
1117 721 1257 756 natura
1275 715 1523 759 fundamenta
1538 724 1556 751 ⁹

98 781 203 822 dedit
234 794 445 836 semenque
482 781 682 823 uirtutum.
741 795 877 823 omues
908 780 1117 823 adomnia
1146 781 1222 823 ista
1257 783 1337 823 nati
1370 797 1520 826 sumus.

99 861 186 889 cum
200 847 381 889 inritator
400 848 583 900 accessit,
616 855 707 890 tune
727 848 793 890 illa
808 848 926 889 animi
947 849 1050 890 bona
1067 849 1187 890 ueluti
1203 850 1330 891 soluta
1347 852 1526 893 excitan-

99 921 175 956 tur.
233 914 330 957 Non
351 916 462 958 uides
485 916 804 971 quemadmodum
824 916 975 958 theatra
993 923 1225 968 consonent,
1258 918 1436 972 quotiens
1455 920 1526 961 ali-

99 997 173 1037 qua
194 982 296 1024 dieta
316 990 408 1025 sunt
437 980 536 1039 quae
559 984 711 1040 publice
742 983 1015 1040 adgnoscimus
1035 990 1076 1025 et
1096 997 1292 1026 consensu
1317 999 1411 1027 uera
1436 1000 1526 1028 esse

97 1052 315 1092 testamur?

230 1116 405 1160 'Desunt
431 1119 607 1174 inopiae
633 1118 792 1170 multa,
822 1119 1042 1161 auaritiae
1069 1119 1225 1162 omnia.

237 1183 288 1226 In
315 1186 476 1227 nullum
505 1199 670 1228 auarus
697 1186 832 1229 homas
858 1191 948 1239 est,
975 1187 1021 1228 in
1049 1187 1341 1263 scapessimus.

95 1249 160 1292 Ad
186 1250 257 1293 hos'
285 1265 425 1294 uersus
454 1253 521 1294 ille
542 1253 833 1295 sordidissimus
859 1254 1005 1310 plaudit
1023 1260 1064 1295 et
1085 1253 1190 1295 uitiis
1220 1254 1303 1296 suis
1322 1255 1406 1296 fieri
1427 1270 1521 1297 eon-
1541 1267 1573 1294 πο

95 1317 238 1359 uicium
259 1320 415 1374 gaudet.
477 1318 634 1374 Quanto
657 1321 780 1376 magis
803 1321 877 1362 hoe
897 1321 1046 1362 iudicas
1069 1321 1230 1363 euenire
1244 1353 1256 1374 ‚
1288 1336 1375 1363 cum
1400 1337 1423 1363 a
1440 1323 1523 1379 phi-

95 1385 257 1441 losopho
273 1386 349 1427 ista
367 1380 560 1439 dhmntust,
594 1402 680 1429 cum
701 1388 934 1429 salutaribus
949 1388 1166 1444 praeceptis
1183 1402 1323 1430 uersus
1343 1390 1525 1432 inserun-

96 1458 161 1494 tur
198 1453 389 1494 efficacius
432 1454 567 1496 eadem
605 1455 671 1496 illa
713 1455 920 1497 demissuri
956 1455 998 1496 in
1034 1455 1202 1496 animum
1242 1456 1526 1511 inperitorum?

99 1519 240 1572 Nam,
281 1527 325 1562 ut
346 1520 499 1562 dicebat
518 1519 731 1564 Cleanthes
746 1554 759 1575 ‚
803 1523 1155 1579 quemadmodum
1177 1525 1358 1578 spiritus
1377 1530 1526 1568 noster

143 1607 176 1641 8.
205 1609 255 1644 Β).
265 1623 312 1637 ==
322 1621 413 1655 quae
444 1611 518 1644 aud
525 1611 540 1644 i
548 1623 571 1644 u
581 1623 604 1644 n
615 1620 630 1645 t
649 1610 786 1657 faceta.
832 1627 879 1642 ==
901 1612 1011 1646 veluti
1042 1623 1066 1645 a
1075 1612 1100 1644 d
1142 1623 1161 1645 s
1171 1624 1190 1645 o
1200 1613 1216 1645 l
1222 1613 1260 1645 ie
1269 1625 1294 1646 a
1331 1614 1424 1646 excit
1433 1626 1456 1647 a
1466 1623 1526 1648 tur

98 1653 222 1699 Ζεζφψ
242 1669 288 1687 -τ-
306 1666 397 1700 quaa
439 1657 512 1689 aud
519 1657 535 1689 i
545 1669 568 1690 a
577 1668 600 1689 n
610 1665 636 1691 t.
694 1658 724 1692 X
742 1673 787 1690 =
834 1659 892 1703 (sR
904 1657 965 1691 P3.
976 1672 1022 1685 =
1032 1658 1258 1700 excitantur).
1279 1658 1420 1702 Quidam
1430 1660 1522 1693 Pina.

94 1700 312 1744 protinusqu
323 1712 343 1732 e
364 1701 453 1733 audi
460 1713 479 1733 o
487 1712 516 1734 s.
831 1718 876 1732 .·--..
898 1702 958 1735 vel
962 1715 985 1734 u
995 1711 1011 1735 t
1044 1714 1068 1735 a
1078 1703 1103 1734 d
1137 1714 1156 1735 s
1166 1715 1186 1735 ο
1193 1703 1208 1734 l
1217 1703 1232 1735 i
1241 1711 1256 1735 t
1265 1715 1289 1735 a
1311 1705 1524 1739 excitantur.

139 1744 373 1788 Adficiuntur
403 1746 418 1777 i
428 1746 490 1778 lli
499 1757 518 1779 s
548 1755 582 1779 et
615 1758 665 1779 su
674 1758 698 1779 n
709 1755 723 1779 t
742 1762 788 1775 =
833 1760 874 1793 ρχ
885 1762 930 1775 =
942 1755 1026 1780 tunc
1052 1747 1120 1779 illa
1143 1759 1166 1780 a
1176 1748 1265 1780 nim
1274 1759 1298 1780 a
1320 1749 1432 1782 veluti
1461 1749 1526 1782 bo-

97 1799 175 1822 mss.
200 1786 366 1832 (exc-P4.)
391 1789 490 1826 etiam
513 1791 571 1823 Gr.
582 1791 673 1823 Pinc.
686 1793 766 1827 Ἰίῢ.
834 1805 882 1825 na
912 1804 931 1825 s
940 1803 960 1824 ο
969 1792 1005 1824 li
1015 1792 1040 1824 d
1050 1804 1074 1824 a
1083 1799 1097 1823 t
1108 1804 1131 1824 u
1143 1804 1173 1824 r.
1232 1793 1250 1832 ζ
1271 1807 1318 1820 =
1338 1801 1422 1825 tunc
1457 1794 1525 1826 illa

99 1833 243 1868 {lt-§m
255 1834 312 1868 {Ru
330 1848 376 1862 =
396 1834 618 1878 Asficiuntur
648 1836 732 1868 illi
755 1844 790 1869 et
834 1837 992 1870 anima
1026 1836 1136 1869 veluti
1171 1837 1332 1881 sopita
1366 1839 1525 1871 excita-

98 1885 191 1910 sunt.
237 1879 260 1912 22.
269 1895 316 1906 ν-
324 1879 390 1913 {ma
420 1880 502 1926 (exc.
526 1879 597 1922 84.)
621 1895 667 1908 =
689 1880 789 1926 Affi-
834 1890 904 1914 tur.
957 1880 1048 1913 Pinc.
1082 1880 1157 1913 cod.
1188 1880 1353 1914 Francisc.
1375 1898 1421 1911 =
1441 1891 1525 1916 tuno

100 1923 240 1954 ciuntur
259 1922 342 1955 illi
366 1931 399 1955 et
422 1924 528 1957 sint.
576 1926 633 1962 24.
651 1940 698 1953 =
714 1924 789 1970 Af·
834 1926 903 1959 illa
923 1927 1080 1958 anima
1103 1925 1193 1958 bona
1226 1927 1339 1959 velut
1375 1929 1525 1961 solli-

92 1967 270 2011 ficiuneur
289 1967 368 2000 illis
389 1975 424 2000 et
447 1969 521 2001 sin
531 1976 555 2001 t.
591 1968 649 2002 1³4.
661 1985 707 1999 =
718 1969 791 2015 Af-
835 1973 877 2004 σι’
888 1979 903 2003 e
912 1982 935 2003 a
946 1978 990 2004 tu
999 1982 1028 2004 r.
1070 1970 1161 2002 Pine.
1176 1970 1215 2003 ci.
1228 1986 1274 1999 =
1285 1979 1368 2004 tunc
1386 1985 1409 2005 a
1419 1974 1444 2005 d
1466 1972 1524 2006 il-

91 2011 271 2055 flciuntur
281 2036 292 2055 ,
325 2013 360 2045 si
377 2013 443 2045 illa
465 2015 605 2046 omnino
625 2013 682 2059 fo
692 2028 712 2047 r
722 2023 737 2048 t
746 2027 791 2052 u-
835 2016 881 2049 la
904 2016 1018 2048 animi
1054 2014 1143 2047 bona
1175 2016 1235 2048 vel
1243 2028 1265 2048 ιι
1275 2024 1290 2048 t
1324 2028 1343 2048 s
1352 2028 1371 2049 o
1379 2017 1419 2050 ll
1427 2019 1442 2050 i
1451 2030 1470 2050 c
1479 2019 1525 2050 ι’·-

101 2068 125 2089 n
137 2068 160 2090 a
182 2068 202 2088 r
213 2068 232 2089 e
241 2066 384 2093 maneat
405 2057 476 2089 rell.
499 2069 564 2090 om.
578 2058 670 2095 Pinc.
692 2060 733 2096 ci.
744 2075 791 2088 =
835 2069 880 2094 ta
891 2072 915 2093 n
928 2068 942 2093 t
951 2072 974 2092 u
985 2072 1004 2092 r
1025 2059 1079 2091 vel
1110 2068 1194 2093 tunc
1221 2073 1244 2093 a
1256 2061 1281 2093 d
1314 2061 1382 2094 illa
1411 2063 1525 2095 animi

100 2100 324 2146 Afficiunpur
356 2103 445 2140 illis.
491 2105 523 2135 Ε
532 2115 551 2135 s
561 2115 580 2136 s
589 2116 609 2136 e
619 2116 642 2138 n
653 2113 668 2136 t
701 2117 792 2151 φαι-
835 2105 926 2138 bona
956 2104 1017 2138 vel
1021 2116 1044 2136 u
1054 2112 1070 2136 t
1102 2116 1125 2137 a
1134 2106 1158 2137 d
1191 2117 1209 2138 s
1218 2106 1284 2138 oli
1293 2114 1307 2138 ι
1315 2118 1339 2138 a
1362 2108 1526 2140 excitan-

100 2145 155 2179 Ies
181 2145 355 2180 iubemur.
401 2148 427 2179 B
439 2162 484 2176 =
496 2149 620 2193 quales
644 2150 682 2182 iu
693 2162 715 2182 ν
725 2162 790 2182 en·
835 2159 905 2184 tur.
953 2151 982 2184 ’ὶί
992 2165 1038 2178 ==
1049 2157 1133 2182 tunc
1154 2150 1221 2183 illa
1254 2162 1274 2183 ο
1285 2163 1318 2183 m
1330 2153 1379 2184 ni
1388 2165 1411 2185 a
1434 2152 1526 2185 bona

101 2199 171 2224 tur.
229 2191 275 2226 Sx
285 2191 311 2223 P
323 2189 354 2224 1.
366 2189 400 2224 4.
420 2207 467 2221 ==
484 2204 523 2225 ει
533 2205 556 2225 v
566 2206 585 2226 σ
626 2194 792 2240 impetum

101 2236 292 2282 insignem.
337 2232 435 2280 Apud
457 2238 488 2270 G
509 2249 578 2271 non
598 2245 650 2271 est
679 2239 715 2271 in
745 2239 790 2271 li-

101 2287 186 2312 tum.
233 2291 256 2314 α
274 2295 320 2309 =
337 2293 601 2326 provocare
623 2285 673 2317 ad
690 2285 792 2330 cupi-

104 2324 264 2358 ditatem.
309 2329 486 2371 αοπρσυχψ
506 2329 571 2363 21&
589 2343 635 2357 =
655 2330 705 2362 ad
726 2342 790 2362 cu-

102 2369 191 2414 pidi
201 2379 225 2401 n
236 2380 298 2401 em
320 2371 420 2403 recti.
695 2374 698 2380 '

148 2411 182 2445 9.
216 2413 333 2457 Βίεω)
347 2425 388 2457 γυ
409 2429 455 2443 =
476 2423 558 2448 tuno
588 2417 655 2449 illa
680 2419 794 2450 animi

106 2457 196 2491 bona
217 2458 329 2491 veluti
351 2470 370 2490 s
380 2469 399 2490 ο
409 2459 426 2492 l
432 2460 447 2491 i
456 2467 471 2492 t
479 2472 502 2493 a
525 2462 616 2493 excit
625 2474 649 2494 a
657 2470 726 2495 tur.
763 2463 794 2494 G

105 2499 187 2536 21³4.
197 2517 244 2531 -τ
253 2503 267 2535 i
277 2514 300 2535 n
311 2511 326 2535 t
337 2515 356 2535 e
366 2515 386 2535 r
408 2504 474 2536 illa
492 2506 606 2538 animi
619 2506 708 2539 bona
724 2507 796 2539 vel·

105 2548 159 2580 uti
189 2548 313 2580 solita
343 2549 554 2582 excitamur.
611 2551 635 2585 Β
654 2566 700 2579 =
721 2552 736 2583 i
745 2563 798 2583 n—

107 2600 180 2625 ter
213 2592 279 2625 illa
316 2593 429 2625 animi
468 2593 558 2626 bona
593 2596 705 2628 veluti
738 2608 761 2628 a
771 2597 796 2628 d

108 2648 127 2670 ε
135 2648 155 2670 ο
165 2636 200 2670 li
208 2645 223 2670 t
235 2648 259 2670 a
282 2638 494 2671 excitantur.
524 2640 576 2681 ηψ
587 2639 645 2672 Pl.
669 2640 738 2674 Col.
750 2655 796 2669 ==

109 2682 238 2714 int'er
261 2682 330 2714 illa
348 2683 463 2715 animi
486 2682 575 2716 bona
594 2684 706 2718 veluti
721 2684 794 2730 [Pl.

91 2732 93 2734 '
110 2725 181 2758 Col.
196 2742 240 2756 =
253 2727 339 2760 velu
348 2735 363 2759 ε
373 2727 404 2771 Ρ]
429 2727 518 2760 soli
537 2730 629 2761 excit
638 2740 661 2762 a
670 2737 738 2762 tur.
777 2742 798 2765 τ

109 2785 155 2798 =
177 2770 372 2804 interim
402 2772 470 2805 illa
501 2773 656 2806 anima
687 2774 799 2808 veluti

112 2827 130 2849 s
141 2826 160 2848 ο
170 2814 187 2847 l
193 2816 208 2848 i
217 2823 232 2848 t
241 2828 265 2849 a
286 2817 378 2849 excit
388 2828 410 2850 a
420 2825 489 2850 tur.
511 2817 677 2863 ΒΖβιοπφ
691 2817 752 2852 Ρ2.
762 2817 797 2853 3.

178 2868 313 2897 Senecae
335 2878 383 2906 op.
403 2870 451 2900 ed.
470 2871 592 2900 Fickert
610 2871 633 2901 1.

835 2195 947 2228 veluti
978 2206 997 2227 s
1006 2207 1026 2227 o
1036 2194 1052 2226 l
1062 2195 1076 2226 i
1085 2202 1100 2227 t
1109 2207 1133 2227 a
1160 2196 1371 2230 excitantur.
1417 2197 1526 2230 Etiam

836 2243 879 2273 Sc
889 2255 935 2268 ==
947 2240 1082 2273 solita.
1129 2251 1196 2287 αγσ
1206 2256 1252 2269 ==
1261 2249 1346 2273 tunc
1377 2242 1445 2275 illa
1471 2255 1494 2275 a
1504 2262 1526 2267 -

836 2297 858 2318 n
867 2286 883 2318 i
891 2298 925 2318 m
933 2297 957 2318 a
985 2284 1075 2319 bona
1098 2286 1158 2317 vel
1165 2298 1187 2318 u
1198 2294 1213 2318 t
1237 2286 1351 2319 soluta
1373 2288 1466 2320 excit
1474 2300 1497 2320 α
1505 2306 1527 2314 -

835 2339 904 2364 tur.
952 2330 987 2365 ffl
1010 2344 1055 2357 τε
1079 2336 1162 2362 tum:
1195 2331 1262 2363 illa
1291 2332 1406 2364 (mimi
1437 2332 1527 2365 bona

837 2375 897 2409 vel
902 2387 924 2408 u
935 2383 950 2407 t
972 2374 1090 2407 soluta
1115 2376 1191 2407 exci
1193 2384 1206 2407 ι
1216 2387 1239 2408 a
1249 2384 1317 2409 tur.
1364 2377 1473 2409 Etiam
1483 2379 1527 2410 Sa

836 2435 883 2448 =
898 2420 1024 2452 soluta.
1050 2419 1140 2462 quod
1150 2420 1338 2453 restitutum
1347 2422 1453 2454 voluit
1462 2424 1525 2453 Sw.

839 2467 871 2499 π
887 2466 1028 2499 -Θε
1045 2477 1079 2494 ω
1099 2465 1209 2497 velut
1223 2478 1273 2499 ω.
1318 2467 1526 2500 mffiJt—&

843 2510 925 2553 (exc.
938 2509 1006 2552 ffiu)
1028 2524 1075 2537 =
1097 2518 1180 2542 tunc
1209 2511 1276 2542 illa
1298 2511 1411 2542 animi
1438 2510 1528 2542 bona

842 2553 902 2586 vel
908 2565 930 2585 u
941 2561 958 2586 t
980 2566 1025 2587 so
1031 2566 1057 2599 p
1067 2555 1082 2586 i
1087 2562 1102 2586 t
1111 2565 1134 2586 a
1158 2556 1369 2586 excitantur.
1415 2555 1471 2589 §Ru
1481 2570 1527 2583 =

840 2598 900 2631 vel
904 2610 927 2630 u
936 2605 952 2630 ε
986 2610 1005 2630 s
1014 2610 1033 2631 ο
1042 2599 1058 2631 l
1066 2600 1080 2631 i
1088 2606 1103 2630 t
1112 2611 1136 2630 a
1167 2600 1376 2630 excitantur.
1423 2599 1527 2632 Recto

840 2641 940 2675 docet
969 2645 1031 2675 Sw.
1055 2643 1205 2685 ineptum
1236 2642 1318 2674 illud
1342 2643 1450 2676 solitu
1470 2645 1527 2677 fa-

841 2683 930 2720 ctum
949 2698 1020 2719 esse
1043 2699 1083 2720 ex
1115 2687 1232 2719 soluta
1256 2688 1347 2731 (mox
1367 2689 1396 2731 §-
1421 2687 1474 2721 11.
1498 2690 1528 2723 2t

839 2731 941 2764 habet
961 2732 1086 2764 solita
1108 2732 1292 2776 oratione).
1322 2744 1342 2764 e
1356 2745 1406 2764 ω.
1453 2746 1530 2767 a==

840 2776 984 2811 theatra
1008 2789 1026 2810 s
1038 2788 1057 2808 ο
1066 2787 1090 2807 n
1101 2788 1120 2808 e
1132 2787 1156 2807 n
1165 2784 1191 2808 t.

852 2834 856 2839 ·
888 2819 941 2854 10.
966 2821 1060 2865 G(n.)
1080 2825 1114 2859 -4-
1138 2821 1379 2866 imperitorum
1411 2835 1430 2857 s
1440 2834 1493 2857 un
1506 2831 1532 2858 t.

1195 2865 1251 2913 39
