1742 3094
142 254 251 293 XXX
717 252 1008 293 PRAEFATlo,

197 386 272 429 III.
333 386 468 438 Libri,
503 386 567 441 qui
598 385 742 427 habent
771 392 998 428 contextum
1028 400 1051 427 a
1079 385 1238 428 Mureto
1269 387 1536 430 constitutum.

232 466 393 509 Pleraque
416 466 565 497 Muretus
589 476 629 496 ex
654 463 800 497 editione
826 464 975 497 Curionis
998 465 1151 506 retinuit,
1185 466 1249 499 alia
1271 466 1412 499 mutavit
1434 478 1476 499 ex
1497 478 1581 500 con-

143 523 269 555 iectura
292 534 390 565 saepe
414 521 560 561 infelici,
586 533 691 564 pauca
713 520 902 553 emendavit
923 521 1016 553 mstis
1038 521 1186 554 adiutus:
1221 522 1404 566 scripturae
1425 529 1580 566 receptae

143 579 307 611 rarissime
330 578 493 610 rationem
517 577 673 609 reddidit.
732 578 869 610 Praeter
891 577 1050 620 elegantis
1075 577 1135 611 viri
1170 578 1425 611 inconstantiam
1438 604 1447 619 ,
1483 589 1580 622 quam

143 635 334 668 criminatur
370 634 550 673 Gruterus,
597 645 693 665 causa
725 634 826 666 fuisse
858 633 990 666 videtur
1020 645 1109 666 mors
1141 635 1356 678 praeveniens
1387 635 1578 667 editionem.

142 692 270 724 Prodiit
294 703 332 723 ea
356 689 534 722 Francisco
557 689 676 721 Bentio
710 696 744 722 et
767 690 851 722 Iulio
874 690 996 722 Roscio
1020 690 1164 722 Hortino
1190 691 1376 723 curantibus
1397 692 1524 724 Romae
1546 703 1576 723 a.

144 747 241 780 1585.
265 747 340 780 Fol.
365 747 481 788 (hunc
503 757 625 777 annum
648 746 797 789 praefert
815 746 950 787 titulus,
984 746 1019 778 in
1042 745 1106 778 fine
1127 746 1249 790 legitur
1274 744 1395 790 1586).
1442 747 1579 780 Librum

141 815 251 835 rarum
287 803 443 836 conferre
467 801 548 834 mihi
571 813 638 834 non
663 802 776 834 licuit:
820 802 880 834 sed
903 802 972 834 eius
997 809 1170 834 contextus
1203 815 1302 847 saepe
1326 810 1377 836 est
1399 803 1573 848 repetitus:

141 859 174 891 in
199 859 399 892 editionibus
426 858 691 891 Commelinianis
725 871 756 890 a.
783 856 869 891 1593
890 854 1025 900 (1594.)
1061 859 1135 891 Fol.
1161 871 1190 891 a.
1213 856 1310 894 1603.
1334 857 1469 901 (1604).
1503 859 1577 892 Fol.

139 928 169 947 a.
196 913 293 948 1604.
316 913 347 947 8.
361 940 370 955 ,
396 914 672 957 Lugdunensibus
695 926 723 946 a.
750 911 847 946 1594.
871 911 1007 956 (1595.)
1034 912 1076 946 12
1099 920 1134 945 et
1156 911 1213 955 8.,
1245 914 1398 947 Parisinis
1421 927 1453 947 a.
1477 913 1578 948 1598.

138 972 212 1003 Fol.
232 969 459 1004 a.1602.F01.
486 970 566 1011 (hac
590 982 664 1002 usus
688 977 738 1002 est
750 970 1086 1013 Schweighaeuserus,
1111 977 1210 1014 atque
1230 982 1293 1013 ego
1317 978 1394 1003 utor
1416 978 1450 1003 et
1473 971 1579 1014 signi-

140 1027 202 1059 fico
227 1039 287 1070 per
306 1029 383 1068 SR).
430 1026 520 1059 Alias
544 1026 676 1058 omitto.

195 1127 269 1170 IV.
331 1126 470 1179 Libri,
504 1128 569 1182 qui
600 1127 745 1168 habent
774 1134 1001 1168 contextum
1033 1141 1055 1168 a
1083 1126 1221 1183 Lipsio
1251 1128 1519 1170 constitutum.

228 1208 336 1238 Iustus
364 1206 495 1249 Lipsius
527 1205 686 1238 librorum
718 1205 867 1248 inprimis
889 1205 1161 1238 Gruterianorum
1194 1206 1360 1249 praesidio
1389 1206 1519 1239 adiutus
1543 1214 1576 1239 et

137 1263 171 1295 in
195 1265 340 1294 Senecae
363 1262 494 1306 scriptis
519 1261 661 1294 maxime
684 1268 831 1294 versatus
863 1261 910 1294 ita
943 1273 982 1294 ea
1004 1262 1187 1302 recensuit,
1221 1269 1258 1294 nt
1279 1273 1348 1294 non
1369 1275 1474 1306 pauca
1496 1263 1577 1296 vitia

135 1318 323 1358 sustulerit,
349 1318 445 1362 plura
468 1319 613 1351 fortasse
637 1317 822 1362 reliquerit:
849 1330 926 1350 nam
950 1325 1044 1350 caute
1069 1318 1138 1362 egit
1160 1318 1211 1351 vir
1231 1318 1379 1362 egregius
1402 1318 1438 1351 et
1457 1319 1575 1352 Curio-—

135 1387 212 1407 nem
240 1374 388 1418 aliosque
411 1374 533 1406 imitari
557 1373 675 1406 noluit.
731 1376 889 1406 Attamen
912 1385 1147 1418 nonnunquam
1170 1374 1200 1406 ei
1223 1374 1344 1407 accidit
1367 1382 1404 1408 ut
1424 1376 1459 1407 in
1481 1376 1575 1420 peius

134 1437 278 1463 mutaret
300 1430 509 1474 scripturam.
559 1430 796 1470 Coniecturae,
830 1441 909 1473 quas
932 1429 968 1462 in
990 1430 1124 1463 scholiis
1147 1431 1341 1474 proposuit,
1380 1432 1575 1476 plerumque

134 1487 230 1531 parvi
251 1494 347 1527 sunt,
375 1487 552 1531 aliquando
576 1493 689 1518 tamen
712 1486 791 1518 satis
817 1492 937 1519 certae.
982 1486 1092 1519 Prima
1114 1486 1182 1519 eius
1206 1485 1314 1520 editio‘
1334 1487 1459 1530 prodiit
1485 1490 1575 1520 Ant-

133 1543 267 1586 verpiae
291 1555 320 1575 a.
335 1540 431 1576 1605.
457 1542 529 1574 Fol.
578 1543 674 1574 Hanc
697 1542 867 1585 usurpavit
891 1542 1233 1585 Schweighaeuserus,
1269 1542 1349 1574 mihi
1373 1554 1411 1575 ea
1434 1543 1483 1575 uti
1505 1555 1574 1576 non

134 1599 293 1642 contigit:
319 1598 432 1642 itaque
456 1598 595 1630 alteram
619 1600 666 1640 (a.
692 1594 808 1639 1615.)
834 1597 998 1637 consului,
1035 1609 1118 1641 quae
1141 1610 1161 1630 a
1183 1595 1288 1642 prima
1310 1598 1346 1630 in
1368 1598 1538 1643 scripturis
1554 1611 1574 1632 a

134 1654 446 1698 Schweighaeusero
471 1654 611 1686 laudatis
644 1665 712 1686 non
743 1652 928 1697 discrepat,
969 1660 1003 1685 et
1035 1653 1180 1686 indicavi
1202 1666 1263 1698 per
1285 1656 1320 1691 2.
1375 1655 1573 1688 Contextum

132 1718 245 1744 autem
279 1723 299 1743 a
322 1710 438 1753 Lipsio
463 1710 680 1743 constitutum
702 1716 854 1750 servant,
887 1709 915 1741 si
937 1711 1052 1753 Iugem
1074 1710 1216 1754 excipis,
1251 1717 1329 1744 ante
1351 1711 1574 1756 Ruhkopfium

133 1779 247 1800 omnes
282 1767 395 1810 paucis
429 1773 559 1799 tantum
583 1773 617 1798 et
639 1765 816 1799 levioribus
840 1766 985 1798 mutatis.
1032 1767 1119 1799 Nam
1142 1766 1213 1810 ipse
1236 1769 1283 1799 Io.
1307 1767 1363 1800 Fr.
1383 1768 1419 1810 ¹⁸¹)
1435 1769 1573 1802 Grono-

131 1824 203 1857 vius
227 1823 328 1855 satius
353 1823 447 1855 duxit
469 1823 503 1855 in
526 1823 616 1855 notis
632 1833 768 1855 monere
790 1822 950 1854 lectorem
967 1822 1008 1854 de
1031 1822 1098 1855 hoc
1117 1823 1171 1855 vel
1194 1823 1252 1855 illo
1269 1823 1345 1856 loco
1363 1823 1572 1857 emendando

132 1892 230 1925 quam
254 1879 401 1923 recipere
437 1879 538 1912 etiam
572 1878 767 1911 certissimas
791 1878 980 1922 scripturas.
1029 1879 1121 1919 Quae
1143 1885 1253 1911 autem
1275 1878 1310 1911 in
1334 1879 1402 1911 eius
1426 1879 1572 1913 editione

130 1937 238 1969 altera
262 1939 422 1980 Antverp.
448 1948 478 1968 a.
506 1933 604 1969 1658.
630 1932 767 1977 (1659.)
794 1933 846 1967 12.
873 1934 969 1968 aliter
990 1935 1116 1967 habent
1138 1942 1238 1979 atque
1261 1942 1376 1968 nostra
1397 1935 1569 1980 scriptura,

131 2005 170 2025 ea
193 1993 403 2037 praescripto
428 1994 499 2027 &ro
524 1990 652 2026 notavi.
700 1991 827 2031 Quibus
849 1991 942 2023 mstis
967 2002 1042 2023 usus
1065 1991 1109 2023 sit
1133 1991 1342 2032 Gronovius,
1365 2003 1465 2035 supra
1485 1992 1572 2036 legi-

128 2057 194 2081 tur.
242 2048 347 2081 Paulo
371 2048 471 2080 etiam
495 2047 590 2091 plura
614 2046 789 2079 emendata
811 2053 888 2079 sunt
910 2047 944 2079 in
961 2047 1184 2091 ed..Lipsiana
1201 2054 1316 2091 quarta
1327 2048 1418 2090 (2.1.)
1429 2059 1459 2080 a.
1473 2045 1569 2090 1652,
1627 2076 1632 2079 .

129 2117 205 2149 qua,
232 2117 305 2137 cum
330 2116 370 2136 ex
383 2106 455 2139 (Sto
479 2116 549 2136 nou
573 2103 673 2135 ducta
697 2110 794 2143 esset,
819 2103 866 2135 ita
890 2115 966 2135 usus
989 2115 1072 2143 sum,
1097 2115 1136 2135 ac
1154 2103 1182 2135 si
1193 2110 1271 2135 ante
1285 2103 1376 2134 illam
1391 2103 1569 2146 prodisset.

127 2162 180 2193 ‚Ne
204 2161 295 2203 Iugis
321 2160 455 2203 quidem
477 2159 661 2191 editionem
684 2159 772 2200 (311)
793 2158 828 2190 in
852 2158 1096 2191 commentariis
1120 2158 1347 2202 praetermisi,
1383 2170 1570 2203 quanquam

126 2216 246 2248 nullius
274 2217 345 2248 sere
369 2221 420 2247 est
444 2215 487 2247 ad
510 2226 581 2247 rem
607 2214 755 2246 criticam
770 2214 942 2246 momenti.
975 2213 1104 2246 Prodiit
1114 2213 1266 2246 Aureliae
1279 2226 1309 2246 a.
1322 2211 1420 2248 1627·
1433 2213 1567 2259 (1628.)

124 2337 253 2374 paginae
273 2336 412 2372 signatae
430 2336 596 2365 Naturales
615 2336 816 2370 Quaestiones
828 2357 837 2372 ,
857 2335 1101 2372 Controversia,
1119 2335 1375 2372 Deelamafiones,
1393 2337 1566 2374 Suanorine,

122 2387 258 2422 Ludum,
278 2386 384 2414 solium
402 2395 550 2423 vacuum,
568 2386 608 2414 ad
625 2385 939 2417 Αποκολοκυντωσιν
958 2386 1080 2415 claudii
1093 2384 1237 2414 Caesaris
1254 2391 1342 2414 uotae
1359 2386 1567 2429 [NieFabriL

123 2439 260 2466 Senecae
278 2446 385 2465 versus
404 2437 663 2473 (epigrammata),
691 2437 807 2465 Mureti
826 2441 914 2465 notas
939 2438 978 2473 (p.
997 2437 1176 2472 ’158-892),
1202 2437 1223 2465 1.
1243 2438 1395 2473 upsopoei
1421 2438 1566 2467 collecta-

123 2492 181 2512 nea
198 2487 230 2510 et
248 2487 334 2510 notas
353 2485 392 2519 (1¹-
411 2483 609 2518 bea—1⁰35),
642 2482 720 2517 [Nic.
740 2482 845 2517 Fabri]
864 2483 1081 2510 Annotationee
1109 2482 1139 2509 in
1164 2482 1257 2510 libros
1277 2483 1321 2511 M.
1341 2483 1454 2511 Annaei
1471 2483 1566 2512 Sene-

122 2537 194 2564 cae,
230 2528 272 2564 [1.
293 2528 463 2564 Opsopoei]
491 2528 680 2556 collectanea
704 2531 736 2556 et
760 2531 847 2555 notas
873 2527 1020 2563 quasdam
1045 2528 1075 2555 in
1102 2528 1147 2555 M.
1167 2529 1320 2555 Annaeum
1337 2528 1495 2557 Senecam.
1530 2528 1564 2556 ln

121 2573 308 2608 marginibus
339 2572 445 2601 eadem
474 2573 542 2601 fere
565 2576 728 2606 notantur,
765 2580 844 2608 quae
872 2572 902 2600 in
929 2572 982 2604 Ε’ὶ.
1003 2576 1035 2600 et
1053 2573 1077 2603 Ε
1107 2572 1219 2601 ibidem
1244 2577 1379 2601 exstant:
1415 2572 1565 2608 quaeda-

121 2624 223 2647 tamen
243 2619 443 2654 omittuntur,
462 2618 524 2645 alia
543 2618 702 2646 accedunt.
738 2617 865 2654 Repetit
883 2617 950 2645 sere
969 2617 1044 2646 haee
1063 2618 1158 2646 editio
1176 2618 1346 2648 Parisinan
1363 2626 1393 2647 a.
1411 2619 1487 2646 1⁵81.

190 2664 216 2697 Ἴ
234 2663 334 2691 Huius
354 2672 421 2691 cum
448 2663 479 2690 ἰιι
499 2664 636 2691 Senecae
655 2663 822 2691 Naturales
840 2663 1041 2697 Quaestio-nes
1066 2668 1153 2691 notas
1169 2667 1264 2692 mutas
1289 2666 1395 2691 nactus
1411 2671 1511 2691 essem
1528 2671 1562 2692 ex

120 2708 310 2737 bibliotheca
335 2709 470 2736 civitatis
492 2708 748 2744 Hamburgensin,
781 2708 898 2736 exstitit
923 2708 998 2736 mihi
1026 2708 1139 2736 fiducia
1163 2708 1257 2737 etiam
1281 2707 1420 2744 Lugduni
1445 2707 1562 2744 aliquid

121 2754 369 2782 observationum
387 2754 417 2781 in
437 2755 585 2782 Senecam
613 2755 651 2782 ab
670 2754 777 2782 eodem
796 2757 849 2782 aut
868 2762 887 2781 a
905 2754 1007 2790 Lipsio
1027 2754 1209 2790 scriptarum
1225 2753 1333 2781 latere.
1377 2753 1485 2788 ltaque
1502 2753 1562 2780 liae

122 2800 160 2828 de
180 2807 274 2828 eausa
293 2799 355 2828 adii
391 2800 533 2827 Iacobum
553 2800 631 2828 Geel
649 2800 748 2828 virum
777 2799 979 2828 clarissimum
997 2803 1028 2828 et
1048 2799 1271 2834 doctissimum,
1301 2797 1355 2834 qui
1371 2805 1488 2826 summa
1505 2796 1561 2826 Ιιιι-

120 2845 269 2873 munitate
288 2845 319 2873 ἰιι
338 2853 386 2873 me
403 2854 476 2873 usus
497 2844 599 2873 omnia
618 2845 685 2873 eius
702 2844 837 2881 generis,
858 2853 938 2881 quae
957 2844 1022 2874 illie
1041 2847 1214 2880 servantur,
1230 2847 1375 2872 accurate
1391 2842 1560 2872 recensuit:

122 2891 200 2919 unde
218 2894 348 2927 apparet
365 2899 413 2920 me
431 2899 484 2928 spe
503 2899 572 2920 esse
591 2890 761 2928 deceptun.
