1742 3094
199 161 283 206 288
649 163 695 203 L.
722 163 920 205 ΑΝΝΑΕΙ
951 166 1180 206 SENECAE

200 289 272 317 sua
295 276 446 316 referre
469 275 585 316 saciat
605 276 722 317 finem
741 291 790 318 an
811 278 1002 333 accipiat,
1046 279 1192 320 tardius
1214 279 1281 320 fiat
1300 293 1350 320 an
1372 279 1514 321 citius:
1554 295 1634 322 non

203 351 394 398 tamquam
418 344 466 384 de
486 358 628 399 magno
660 345 892 386 detrimento
922 347 1047 388 timet.
1107 345 1238 388 Nemo
1259 347 1418 388 multum
1441 361 1494 389 ex
1523 348 1634 389 stilli-

169 426 188 452 5
205 412 306 453 cidio
327 418 456 467 potest
474 412 653 467 perdere.
715 410 844 454 Citius
873 414 973 455 mori
1003 421 1071 455 aut
1102 415 1250 456 tardius
1270 415 1319 456 ad
1335 429 1419 456 rem
1440 430 1521 456 non
1544 429 1634 470 per-

202 481 325 521 tinet:
367 480 468 521 bene
495 480 596 521 mori
619 487 687 520 aut
706 481 807 522 male
827 482 874 522 ad
898 496 982 523 rem
1005 483 1189 536 pertinet.
1249 480 1362 524 Bene
1382 490 1514 524 autem
1533 484 1635 525 mori

200 555 262 590 est
293 548 468 602 effugere
498 548 599 588 male
622 547 780 588 uiuendi
811 549 1039 604 periculum.
1100 549 1236 605 Itaque
1262 550 1634 592 effeminatissimam

200 620 337 657 uocem
358 615 461 656 illius
482 614 628 655 Rhodii
652 615 834 656 existimo
856 616 936 671 qui,
969 631 1055 658 eum
1073 618 1115 659 in
1135 632 1293 659 caueam
1311 619 1512 659 coniectus
1528 625 1636 660 esset

199 688 235 725 a.
254 691 423 738 tyranno
444 689 484 723 et
507 689 700 737 tamquam
725 684 849 724 ferum
873 683 1027 738 aliquod
1050 685 1194 726 animal
1221 686 1416 738 aleretur,
1455 686 1634 727 suadenti

199 751 351 792 cuidam
370 757 414 791 ut
438 750 656 791 abstineret
676 751 789 805 cibm
837 750 1018 804 Omnia,-
1059 752 1207 807 inquit,
1237 752 1420 805 homini,
1452 753 1551 796 dnm
1573 755 1636 795 ui,

168 829 185 857 6
201 820 289 870 uit,
319 818 545 873 speranda
564 824 674 860 suut.
733 818 787 861 Ut
808 819 951 860 sithoc
977 833 1112 861 uerum
1128 851 1140 872 ,
1173 835 1252 861 non
1278 821 1384 873 omni
1407 820 1532 877 pretio
1553 821 1635 862 uita

198 887 362 928 emenda
380 893 456 928 est.
519 885 719 940 Quaedam
742 887 835 929 licet
855 902 1019 943 magna,
1059 887 1152 930 licet
1173 895 1280 929 certa
1302 888 1406 940 sint,
1438 895 1568 930 tamen
1587 889 1636 929 ad

196 954 262 996 illa
290 955 391 1010 turpi
423 955 657 996 infirmitatis
682 956 934 997 confessione
957 971 1036 997 nou
1061 956 1233 997 ueniam.
1293 955 1382 1011 Ego
1406 956 1575 1010 cogitem
1592 955 1633 996 in

197 1036 244 1064 eo
273 1022 337 1077 qui
361 1022 460 1063 uiuit
481 1023 612 1064 omnia
642 1037 758 1078 posse
783 1025 977 1064 fortunam
992 1056 1003 1076 ,
1046 1024 1175 1080 potius
1200 1038 1313 1078 quam
1338 1023 1505 1078 cogitem
1523 1023 1565 1064 in
1585 1037 1633 1064 eo

196 1089 262 1149 qui
289 1090 366 1131 scit
394 1090 494 1131 mori
518 1090 614 1131 nihil
645 1104 762 1146 posse
787 1092 1013 1133 fortunam?
1070 1090 1293 1146 Aliquando
1316 1098 1471 1143 tamen,
1515 1091 1633 1132 etiam

198 1157 234 1200 si
255 1164 365 1198 certa
392 1172 500 1199 mors
523 1158 684 1199 instabit
713 1166 754 1200 et
776 1159 1011 1200 destinatum
1038 1159 1114 1200 sibi
1137 1159 1366 1214 supplicium
1394 1158 1520 1210 sciet,
1553 1161 1633 1199 non

198 1225 459 1266 commodabit
486 1239 638 1280 poenae
668 1240 764 1267 suae
795 1240 965 1268 manum.
1028 1224 1203 1268 Stultitia
1230 1233 1292 1268 est
1319 1226 1461 1267 timore
1495 1226 1633 1278 mortis

165 1306 183 1332 7
200 1293 316 1334 mori.
386 1291 506 1334 Uenit
544 1293 609 1348 qui
652 1294 829 1336 occidat:
875 1301 1078 1349 exspecta.
1140 1293 1230 1348 quid
1273 1295 1472 1349 occupas?
1513 1288 1634 1348 quare

199 1360 365 1417 suscipis
397 1360 550 1404 alienae
575 1362 813 1405 crudelitatis
838 1362 1183 1419 procurationem?
1218 1367 1349 1403 utrum
1372 1361 1526 1403 inuides
1549 1374 1633 1402 car-

240 1485 563 1529 -ffl—Qe-ssfinem
583 1495 662 1519 aut
682 1487 873 1533 recipiat.

240 1545 275 1579 5-
309 1543 444 1577 {Ji—98
473 1557 519 1571 =
544 1542 642 1575 Non
673 1543 819 1576 multum
853 1556 897 1576 cx

194 1587 318 1620 stillio.

242 1643 358 1676 Citius
373 1643 463 1676 mori
485 1655 542 1676 αιι
553 1651 568 1676 ι
590 1643 733 1676 tardius
746 1662 792 1668 —-
810 1643 895 1676 bene

195 1689 288 1722 mori
309 1697 391 1720 aut
413 1689 506 1720 male
526 1704 571 1717 =
591 1689 803 1732 PpRrGwBP
815 1689 891 1723 2.3.

198 1734 271 1766 col.
285 1733 438 1766 Nox-imb.
459 1733 634 1778 Herbipol.
656 1734 728 1767 Iani
746 1735 892 1769 ffi—ss‚

194 1780 255 1815 ΜΞ
270 1784 300 1816 1.
323 1786 379 1803 -“
393 1779 457 1813 §mo
479 1793 524 1806 =
549 1780 663 1812 Citius
691 1780 781 1812 mori
816 1780 898 1812 vel

195 1825 338 1858 tardius
356 1837 407 1857 ω.
453 1822 566 1859 P1.4.
587 1825 654 1857 Erl.
675 1824 746 1858 Iani
767 1840 812 1853 =
832 1825 894 1857 ci-

196 1871 270 1903 tius
292 1871 383 1902 mori
405 1881 461 1902 an
485 1871 629 1903 tardius
645 1883 696 1903 ω.
730 1870 893 1905 &=Ci-

195 1917 268 1949 tius
280 1915 372 1948 mori
394 1927 452 1947 an
473 1915 616 1948 tardius·
638 1934 680 1941 —-
702 1914 788 1948 bene
807 1916 897 1948 mori

196 1973 254 1994 an
274 1961 378 1993 male.
405 1960 502 2000 male,
531 1967 567 1992 ut
588 1960 688 1993 docet
707 1962 804 1993 Ianus
827 1961 849 1993 l.
869 1961 892 1993 l.

195 2019 230 2051 p.
252 2004 304 2039 12.
375 2004 435 2038 P2.
456 2021 502 2034 =
524 2006 564 2038 in
593 2018 740 2039 caveam
768 2007 895 2039 inie—

196 2061 283 2084 ctu-r.
330 2063 359 2083 w
378 2066 426 2079 =
447 2051 622 2084 obiectus
654 2051 811 2096 (scribere
831 2051 898 2095 ‹ie-ff

196 2097 296 2129 bebat
328 2109 351 2129 a
363 2096 535 2138 bicotus.)
619 2098 739 2132 Gffi—
751 2098 784 2132 Q
810 2101 845 2136 -l-
871 2109 895 2130 a

196 2142 282 2175 cibo.
351 2143 376 2173 P
394 2146 428 2180 -Ι-
443 2155 462 2174 e
474 2150 488 2174 t
509 2143 690 2187 speranda
710 2150 804 2175 sunt.

240 2206 273 2241 6.
310 2209 342 2240 G
359 2223 406 2239 =
425 2209 613 2252 infirmita
625 2217 671 2242 te
695 2207 895 2254 confessio-

195 2255 243 2290 ni
253 2265 283 2286 ε.

239 2309 317 2353 PpR
344 2314 378 2348 -t-
404 2321 474 2342 non
503 2309 733 2342 commodabit
758 2320 894 2354 poenae

195 2367 283 2389 suae
308 2367 472 2390 manum:
506 2354 609 2387 sibi
637 2367 684 2387 co
697 2354 893 2387 mmoda-

197 2415 217 2435 r
226 2414 245 2434 e
253 2409 279 2435 t.
325 2401 490 2436 Stultitia
509 2408 572 2433 est.
606 2412 632 2434 r.
652 2399 803 2432 Norimb.
823 2399 894 2432 Iani

196 2463 242 2476 =
256 2458 326 2479 non
345 2444 629 2479 commendabit
653 2457 688 2490 p.
711 2456 740 2479 ε.
762 2458 807 2478 m.
830 2457 849 2478 ε
860 2445 894 2478 i·-

197 2493 243 2526 bi
273 2491 631 2524 commendaret.
688 2490 793 2524 Stult.
828 2498 892 2523 est.

199 2539 287 2571 G=
306 2549 377 2571 non
407 2548 516 2570 comm
527 2549 546 2569 e
557 2547 580 2568 η
593 2534 701 2568 dabit
732 2548 766 2580 p.
792 2547 821 2569 ε.
847 2548 891 2568 m.

197 2584 241 2617 εἰ
263 2582 333 2616 ibi
357 2581 703 2622 commodaret,
737 2581 894 2614 stultitia

198 2642 217 2662 e
228 2642 246 2661 ε
255 2641 273 2661 ε
283 2641 302 2660 e
310 2637 336 2661 t.
382 2626 727 2672 Βαβγηῧικλμθπστυ
751 2626 810 2658 Pin
816 2638 844 2658 e.
860 2638 891 2659 v.

197 2674 219 2706 l.
244 2674 307 2708 '2131
321 2692 359 2698 —
372 2674 405 2708 ἓξ
418 2688 464 2700 =
477 2684 546 2705 non
567 2670 796 2704 commodabit
814 2684 848 2717 Ῑι.
864 2683 893 2704 ε.

197 2732 243 2757 m.
267 2719 312 2751 εἰ
336 2717 403 2751 ibi
425 2717 751 2755 commodaret,
777 2717 895 2749 stul-

197 2773 212 2798 t
223 2765 261 2796 it
270 2764 286 2796 i
295 2775 318 2796 a
341 2775 386 2796 es
396 2775 414 2797 ε
424 2776 444 2797 e
453 2772 478 2798 t.
524 2761 687 2795 Stultitia
699 2770 763 2794 est.
790 2759 848 2794 Pl.
860 2760 893 2794 3.

197 2807 230 2843 4.
253 2824 299 2837 =
318 2820 387 2841 non
418 2820 527 2842 comm
537 2821 556 2842 e
566 2819 590 2841 n
600 2805 702 2842 dabit
729 2819 767 2852 p.
793 2818 823 2840 ε.
849 2819 894 2842 m.

941 1487 1090 1532 plerique
1103 1487 1253 1520 (ιι-,πεί
1268 1486 1339 1520 sib
1351 1486 1365 1518 i
1384 1484 1634 1523 commoda—

942 1546 961 1566 ι·
972 1546 991 1565 e
1001 1542 1015 1565 ι
1027 1558 1035 1572 ,
1061 1533 1158 1567 stult.
1173 1541 1238 1566 est.
1272 1532 1330 1565 P2.
1340 1547 1386 1559 =
1396 1535 1466 1563 r'zon
1485 1541 1636 1563 commo-

941 1578 1043 1610 dabit
1061 1591 1096 1622 p.
1121 1590 1150 1611 ε.
1171 1591 1214 1612 m.
1236 1578 1281 1610 εἰ
1304 1578 1349 1610 ie
1380 1576 1634 1609 commoda·

940 1635 959 1654 r
970 1636 989 1655 e
1001 1631 1016 1655 t
1050 1630 1066 1654 t
1076 1624 1090 1655 i
1100 1622 1119 1654 b
1129 1623 1153 1656 i.
1200 1615 1306 1654 Stult.
1338 1630 1402 1655 est.
1459 1619 1633 1666 Herbipol.

938 1667 1007 1700 Iani
1027 1683 1074 1696 =
1095 1679 1128 1699 n.
1153 1679 1273 1700 comm.
1290 1679 1328 1712 p.
1352 1678 1381 1698 ε.
1406 1678 1451 1698 m.
1475 1666 1518 1698 εἰ
1537 1663 1635 1705 cibi

937 1714 1289 1746 commendaret.
1323 1711 1427 1744 Stule.
1449 1719 1515 1744 est.
1563 1712 1635 1750 ζει

937 1770 1009 1791 non
1039 1770 1159 1791 comm.
1187 1771 1225 1804 p.
1249 1769 1280 1793 ε,
1305 1769 1350 1789 m.
1374 1757 1418 1790 εἰ
1446 1767 1634 1790 commo-

939 1805 964 1837 d
974 1816 997 1836 a
1008 1816 1027 1836 r
1038 1816 1057 1836 e
1066 1811 1081 1836 t
1092 1829 1102 1846 ,
1137 1803 1295 1836 stultitia
1321 1810 1424 1835 esset.
1460 1818 1463 1820 v
1479 1799 1633 1844 „Reliqui

941 1849 1009 1893 [ρρ]
1032 1848 1207 1884 confusum
1221 1848 1331 1882 locum
1348 1845 1515 1882 exhibent.
1545 1843 1635 1887 Nam

937 1894 992 1927 vel
1014 1894 1115 1929 verba
1134 1893 1364 1934 commodabit
1383 1898 1418 1925 et
1435 1891 1636 1926 commoda-

939 1948 994 1972 ret
1018 1945 1244 1974 transvertunt
1264 1939 1299 1974 in
1322 1936 1576 1970 commendabit
1601 1941 1635 1968 et

939 1985 1218 2023 commendaret,
1242 1990 1299 2016 aut
1329 1982 1487 2015 omittunt
1511 1981 1634 2023 stulti-

939 2031 994 2063 tia
1023 2034 1151 2064 εεεει.“
1175 2028 1321 2062 Sanctol.
1374 2026 1460 2059 Lud.
1482 2028 1578 2060 Ianus
1600 2037 1633 2059 v.

940 2075 972 2109 d.
1006 2081 1119 2107 censet
1143 2073 1328 2110 adiicienda
1349 2084 1419 2104 esse
1449 2072 1520 2104 sibi
1538 2082 1633 2103 com-

939 2119 1116 2153 modabit:
1145 2119 1264 2151 omissa
1295 2117 1382 2149 enim
1414 2127 1485 2148 esse
1515 2115 1556 2147 ab
1581 2126 1632 2157 eo,

940 2164 996 2210 qui
1025 2170 1156 2196 tantum
1186 2162 1230 2195 ad
1257 2161 1408 2206 proxima
1435 2159 1631 2204 respexerit,

938 2220 1007 2241 non
1026 2208 1069 2241 ad
1092 2220 1149 2249 ea,
1175 2219 1258 2252 quae
1277 2207 1431 2250 leguntur
1453 2206 1483 2249 ᾗ.
1497 2203 1530 2240 9.
1553 2217 1634 2238 ma-

939 2266 1007 2287 nus
1025 2253 1094 2286 sibi
1110 2253 1243 2285 adtulit
1259 2270 1304 2277 —
1322 2263 1370 2284 an
1382 2250 1633 2296 exspectanda.

938 2298 1069 2331 Laudat
1106 2304 1246 2342 propter
1291 2296 1397 2328 simile
1444 2295 1635 2340 oppositum

916 2364 918 2366 -
938 2345 1000 2388 Ep.
1021 2344 1076 2384 55,
1099 2343 1130 2375 5.
1154 2343 1219 2376 ille
1239 2341 1336 2375 sibi
1353 2353 1424 2374 non
1444 2349 1545 2381 vivit,
1569 2339 1634 2372 sed

940 2407 983 2414 —
1008 2390 1144 2429 ventri,
1170 2399 1307 2427 somno,
1331 2386 1486 2420 libidini.
1532 2387 1633 2418 Atta-

938 2446 1014 2466 men
1041 2433 1121 2465 mihi
1154 2445 1220 2466 non
1242 2431 1422 2476 persuasit,
1445 2438 1482 2463 ut
1501 2429 1634 2473 recipe-

938 2491 1008 2512 rem
1033 2478 1108 2518 illa,
1141 2490 1224 2522 quae
1250 2476 1382 2510 aliunde
1404 2475 1532 2519 ingesta
1562 2485 1633 2507 aese

938 2525 993 2557 vel
1016 2524 1116 2556 docet
1141 2523 1303 2568 scriptura
1322 2522 1469 2566 ipsorum
1491 2520 1630 2552 diversa.

983 2581 1031 2613 Rr
1047 2595 1093 2608 =
1107 2580 1191 2612 tim
1203 2592 1280 2612 ere
1301 2578 1426 2611 mortis
1453 2586 1630 2610 moram.

985 2638 1007 2670 p
1019 2641 1064 2654 ==
1076 2626 1172 2658 venit
1194 2625 1255 2669 qui
1286 2624 1309 2655 Ιι
1319 2622 1424 2655 occid
1434 2622 1448 2653 i
1456 2629 1471 2653 t
1496 2626 1530 2652 et
1552 2631 1630 2651 mox

1006 2671 1030 2703 Ιι
1042 2683 1061 2703 o
1071 2683 1090 2703 c
1100 2682 1210 2716 cupas
1220 2695 1228 2709 ,
1251 2668 1336 2701 sicut
1355 2666 1441 2699 solet
1469 2664 1525 2697 hic
1549 2664 1633 2696 liber

939 2716 1108 2750 vocalibus
1128 2716 1169 2748 ab
1197 2713 1292 2746 initio
1320 2711 1496 2744 verborum
1514 2709 1631 2754 positis

940 2761 1122 2806 praefigere
1142 2757 1385 2807 aspirationem.
1427 2801 1433 2807 ι

986 2806 1019 2842 7.
1045 2818 1119 2839 r=
1131 2815 1240 2851 quare
1261 2813 1431 2848 euspici
1443 2813 1471 2835 ε.
