1742 3094
411 215 630 256 EPISTUL.
659 215 778 261 UOR.
809 214 902 255 LlB.
925 216 1010 255 XX.
1042 215 1114 255 ΕΡ.
1140 221 1179 256 5.
1210 221 1338 263 (12⁰.)
1499 215 1580 258 697

155 341 270 379 uem,
310 334 355 368 ut
373 327 453 369 uita
476 328 780 382 defungeretur,
825 340 899 366 nec
922 326 1077 367 domum
1100 340 1190 368 esse
1210 327 1283 369 hoc
1301 342 1443 383 corpus
1457 359 1469 379 ‚
1512 328 1583 368 sed

149 394 362 450 hospitium
381 402 420 436 et
437 395 591 450 quidem
606 394 728 435 hreuc
746 393 952 447 hospitium
973 394 1075 447 quod
1094 395 1387 449 relinquendum
1409 402 1485 446 est,
1518 394 1582 436 ubi

152 468 195 504 te
217 476 379 520 grauem
399 475 489 504 esse
509 460 647 522 hospiti
667 461 817 510 uideas.
875 458 1118 511 Maximum,
1144 461 1299 516 inquam
1314 493 1326 512 ‚
1358 462 1411 503 mi
1433 461 1580 514 Lucili,

153 536 429 584 trguuwmtumv
446 536 508 571 est
527 528 646 570 animi
665 528 713 568 ab
734 527 872 568 altiore
893 528 986 569 sede
1006 527 1201 569 uenientis
1217 560 1228 579 ,
1261 529 1294 569 si
1317 529 1413 570 haec
1433 529 1473 570 in
1496 531 1582 585 qui-

150 596 235 641 hus.
253 603 435 641 uersatur
462 596 618 637 humilia
646 595 790 636 iudicat
811 602 851 636 et
875 602 1067 650 angusta,
1109 595 1145 636 si
1174 595 1288 636 exire
1318 610 1397 637 non
1426 597 1577 639 metuit.

152 660 241 706 Scit
267 663 371 706 enim
393 678 469 718 quu
495 663 672 705 exiturus
692 662 744 703 sit
763 662 827 717 qui
849 662 951 703 uude
979 662 1134 704 uenerit
1155 663 1345 704 meminit.
1404 662 1499 705 Non
1520 664 1578 705 ui-
1598 676 1629 703 ιε»

151 730 287 772 demus
308 745 420 786 quam
441 731 560 772 multa
581 745 653 772 uos
670 730 916 771 incommoda
938 730 1166 784 exagitent,
1209 745 1323 785 quam
1344 731 1446 772 male
1467 732 1581 773 nobis

152 797 363 842 conueniat
377 799 452 839 hoc
472 799 643 853 corpus?
698 797 817 843 Nunc
835 798 883 839 de
904 797 1029 854 capite
1043 830 1054 850 ,
1086 812 1187 839 nunc
1210 798 1258 838 dc
1283 805 1445 850 uentre,
1478 813 1581 844 nuuc

151 864 383 921 depectere
403 879 451 907 ac
469 866 645 907 faucibus
674 866 887 920 querimur.
948 866 1042 906 alias
1063 865 1176 906 nerui
1194 880 1294 917 nos,
1339 866 1437 908 alias
1462 867 1582 922 pedes

151 939 328 985 nexant,
372 947 476 974 nuuc
511 933 677 974 deiectio
692 964 703 984 ,
750 948 852 974 nunc
890 925 1104 974 distillatio.
1162 934 1369 989 aliquando
1402 941 1583 991 superest

149 999 335 1054 sanguis,
378 1000 584 1055 aliquando
616 1001 741 1041 deest.
800 1001 889 1041 hinc
916 1008 1031 1055 atque
1055 1000 1162 1042 illinc
1193 1008 1428 1057 temptamur
1447 1010 1487 1044 et
1507 1015 1580 1044 ex-

147 1066 341 1121 peffimur.
384 1066 494 1111 >Hoc
526 1067 687 1108 euenire
718 1068 820 1109 solet
843 1068 884 1109 iu
908 1068 1037 1108 alieno
1070 1068 1344 1110 habitantibus.
1415 1069 1473 1111 At
1503 1085 1577 1112 uos
1596 1083 1627 1109 Π

149 1146 292 1188 corpus
309 1140 391 1179 ,tam
422 1141 535 1189 putre
565 1134 692 1175 sortiti
726 1135 847 1176 nihilo
876 1135 1004 1176 minus
1022 1142 1183 1176 aeterna
1205 1136 1456 1191 proponimus
1478 1144 1518 1178 ct
1540 1138 1582 1179 in

148 1207 333 1254 quantum
360 1208 489 1256 potest
516 1209 625 1242 aetas
655 1202 822 1243 humana
856 1202 1035 1256 protendi
1071 1209 1219 1243 tantum
1250 1217 1321 1258 spc
1349 1217 1582 1259 occupamus

149 1266 255 1308 nulla
277 1268 449 1308 contenti
470 1269 632 1323 pecunia
647 1299 659 1319 ‚
692 1269 798 1309 nulla
820 1269 1005 1324 potentia.
1068 1267 1172 1322 Quid
1199 1269 1271 1310 hac
1293 1284 1338 1311 rc
1358 1271 1445 1311 fieri
1468 1271 1581 1326 inpu-

150 1333 306 1375 dcntius
321 1365 333 1385 ,
376 1335 466 1389 quid
490 1336 643 1376 stultius
664 1337 821 1390 potest?
876 1335 988 1377 Nihil
1009 1336 1104 1377 satis
1126 1343 1187 1377 est
1206 1337 1432 1389 morituris,
1462 1338 1580 1380 immo

148 1392 430 1443 morientibus:
461 1402 603 1443 cotidie
624 1403 726 1443 enim
749 1403 906 1458 propius
926 1403 973 1443 ab
1000 1403 1135 1444 ultimo
1162 1410 1310 1445 stamus
1330 1411 1373 1445 ct
1391 1404 1458 1446 illo
1477 1407 1580 1448 unde

149 1467 264 1509 nobis
300 1469 511 1509 cadendum
542 1476 604 1510 est
631 1469 728 1510 hora
755 1484 828 1511 nos
858 1470 984 1510 omnis
1013 1470 1176 1525 inpellit.
1238 1470 1338 1513 Uide
1366 1471 1408 1512 in
1437 1483 1579 1527 quanta

149 1535 340 1588 caecitate
361 1550 472 1577 mens
492 1543 628 1576 nostra
649 1537 714 1577 sit.
777 1536 862 1577 Hoc
884 1538 1172 1591 qued-futurum
1192 1538 1278 1579 dico
1300 1552 1387 1579 cum
1405 1540 1575 1582 maxime.
1594 1559 1626 1586 ts

148 1602 192 1643 lit
211 1608 251 1643 ct
267 1616 359 1657 pars
380 1603 465 1644 eius
486 1617 626 1658 magna
646 1604 723 1644 iam
748 1604 848 1644 faeta
875 1611 959 1645 est:
1006 1619 1097 1645 nam
1120 1605 1220 1660 quod
1247 1606 1443 1658 uiximus,
1476 1614 1574 1649 tcm-

195 1712 249 1746 15.
281 1713 313 1748 ἴ
333 1733 377 1739 ——-
398 1726 463 1747 nec
502 1714 639 1747 domum
660 1734 707 1740 -
725 1716 839 1747 relin-

148 1758 324 1803 quendum
352 1768 418 1793 est.
464 1772 483 1793 υ
500 1765 535 1797 -ξ-
552 1760 617 1792 boc
641 1772 766 1805 corpus
786 1772 839 1791 a-

151 1803 341 1836 nimale.
390 1805 420 1835 G
433 1805 537 1847 (mm)
550 1820 596 1832 =
617 1807 680 1837 sed
712 1804 840 1849 offi-

151 1847 227 1880 ciu
238 1859 273 1880 m
294 1856 330 1880 ee
362 1859 447 1893 quo
458 1850 482 1881 d
506 1849 610 1881 breve
636 1850 839 1894 hospicium.

150 1890 213 1924 Pl.
223 1907 270 1921 =
279 1900 314 1925 ee
329 1905 351 1937 q
361 1905 385 1925 u
396 1894 444 1926 id
466 1893 580 1927 breve.
616 1906 640 1936 η
648 1912 694 1918 —-
702 1895 841 1939 quidem

149 1936 267 1971 breve.
312 1939 436 1979 σῲὗί.
448 1941 540 1975 2.-
561 1940 711 1983 quidem.
758 1951 774 1973 0
795 1955 842 1967 ==

150 1981 342 2027 hospitium
383 1984 559 2027 equidem
604 1983 707 2016 breve
750 1985 841 2028 quod

149 2027 356 2071 aliquando.
405 2027 477 2060 Col.
490 2028 734 2073 ——hospitium
764 2036 842 2071 post

151 2071 268 2104 [neve.
313 2072 396 2104 Bell.
419 2072 519 2104 etiam
537 2073 627 2105 Pinc.
651 2074 709 2105 Gr.
730 2086 781 2107 ω.
804 2075 838 2108 23

150 2130 197 2144 =
213 2116 501 2161 delinquendum
531 2126 595 2150 est.
640 2119 670 2149 R
692 2118 842 2162 plerique

151 2173 191 2204 ρρ
211 2167 281 2194 tres
300 2162 358 2203 Gr.
382 2160 453 2204 (1²3.
464 2160 497 2194 4.
520 2162 603 2203 Col.)
616 2182 660 2187 —
672 2175 750 2195 esse
763 2170 841 2206 post

147 2217 310 2252 gravem.
355 2207 439 2250 βιφχ
448 2207 511 2241 21>ss
524 2226 568 2231 -
589 2209 707 2244 (ἕλε
718 2209 841 2253 hospi-

150 2259 248 2285 tem.
293 2262 312 2284 ο
330 2265 376 2278 =
397 2252 588 2296 hospitem
616 2265 704 2285 esse.
750 2265 776 2287 π.
793 2268 840 2281 ==

151 2307 232 2328 ene
250 2294 395 2340 hospite
405 2308 439 2327 m
462 2297 544 2329 vide
554 2309 572 2328 r
582 2298 597 2328 i
607 2309 635 2329 s.

167 2374 171 2375 ⁷
196 2339 343 2372 altiore
359 2354 405 2367 =
425 2341 481 2372 BR
503 2353 540 2381 ρρ
562 2342 639 2376 ἨΞ.
709 2343 838 2377 Οθὶὲ-

149 2384 216 2419 ’Ra
233 2398 280 2412 =
300 2384 452 2416 altiori.
498 2385 725 2430 Ζβγδζιΐῦυφψ
745 2388 774 2422 ‘I
795 2403 840 2416 =

150 2441 200 2461 se
222 2429 332 2460 exire.
379 2429 503 2470 7225=
517 2441 536 2460 s
546 2431 597 2462 ed
620 2433 728 2464 exire.

168 2509 171 2512 ,
196 2470 251 2505 16.
284 2473 349 2506 Ε’κτ
361 2473 420 2515 (cr.
435 2474 487 2516 ω)
507 2489 554 2502 =
582 2475 665 2507 Non
696 2476 841 2509 videa-

151 2529 242 2550 mus.
286 2518 313 2549 B
325 2532 371 2545 =
384 2529 449 2550 nos
470 2531 489 2550 c
499 2520 682 2551 cmmoda.

195 2573 264 2594 exa
290 2562 397 2594 itant
408 2574 540 2595 =mss.
561 2564 626 2598 2181
640 2583 680 2588 —
691 2565 774 2600 ΘΞ.

150 2606 196 2641 im
209 2623 256 2631 -·
313 2616 387 2641 a=
399 2609 557 2652 exagito
566 2616 617 2640 ιιι.

196 2651 303 2684 Nunc
324 2652 370 2684 de
389 2654 518 2696 capite,
542 2664 635 2684 nunc
654 2652 700 2685 de
718 2663 842 2687 venere

150 2709 197 2724 ==
215 2695 451 2731 BGHSxon-tu
463 2697 603 2732 Sam&
669 2698 774 2734 1118
796 2717 843 2724 -

151 2741 217 2776 ⁵an
233 2755 279 2770 =
298 2741 405 2774 Nunc
433 2741 479 2774 de
500 2749 643 2781 ventre,
675 2754 769 2776 nunc
796 2744 841 2776 de

152 2785 279 2831 capite.
323 2785 360 2820 Π
371 2798 478 2820 =au
488 2794 503 2819 t
526 2785 709 2831 faucibus.
753 2789 779 2820 B
797 2804 841 2818 ==

151 2831 399 2873 quaerimus.
447 2832 475 2865 1
491 2849 534 2855 -
555 2832 651 2864 alias
676 2834 779 2865 nervi
797 2851 842 2859 --

884 1724 1026 1749 vexant.
1072 1718 1101 1751 'X
1114 1733 1160 1745 =
1172 1729 1264 1749 nunc
1286 1719 1331 1750 de
1364 1732 1384 1751 ι·
1395 1729 1464 1753 eet
1476 1731 1506 1753 ο.

884 1762 929 1796 §.m
944 1780 984 1786 —
998 1762 1116 1805 23a=
1126 1763 1178 1794 de
1187 1763 1350 1795 scillatio.
1388 1764 1475 1797 RP2.
1488 1764 1523 1798 3.
1534 1780 1578 1793 =

886 1807 972 1838 hinc
1002 1807 1041 1837 it
1051 1819 1105 1850 aq
1116 1819 1137 1838 u
1148 1820 1168 1839 e
1203 1815 1247 1839 et
1277 1807 1392 1840 illinc.
1439 1811 1513 1844 ιλοτε
1538 1816 1573 1848 4·

886 1851 970 1882 hinc
1008 1851 1171 1896 itaque
1198 1860 1304 1895 atque
1325 1853 1437 1886 illinc.
1484 1855 1513 1889 Ίί
1532 1870 1578 1884 ==

885 1895 910 1927 Ιι
920 1908 943 1927 α
955 1909 974 1927 e
983 1908 1003 1926 c
1027 1898 1171 1928 evenire
1193 1898 1248 1929 sol
1257 1909 1305 1928 en
1318 1906 1342 1929 ι.

932 1938 984 1973 17.
1011 1940 1245 1984 ὓγδζηῖςκστφ
1259 1942 1345 1985 (εω)
1368 1943 1427 1975 Ρ1.
1444 1941 1478 1976 4.
1504 1944 1575 1977 col.

885 1986 921 2019 {R
931 2003 979 2008 -
989 1986 1053 2021 &20
1064 2001 1110 2013 =
1120 1997 1246 2031 corpus
1266 1995 1341 2018 tam
1361 1995 1376 2019 t
1386 1999 1408 2019 u
1417 2000 1507 2033 rpe.
1532 1989 1578 2022 5ο

884 2031 966 2073 τζοτ.
982 2030 1034 2071 ω)
1062 2031 1097 2065 {R
1116 2046 1161 2058 =
1181 2031 1391 2075 protendit.
1438 2044 1481 2067 οπ
1492 2034 1578 2067 1==

885 2087 947 2119 spe
972 2087 1204 2120 occupamur.
1254 2087 1271 2110 ε
1288 2092 1332 2104 ==
1353 2088 1494 2122 saepe
1516 2091 1577 2111 oc-

884 2132 1008 2164 cupem
1019 2131 1080 2152 ur.
1124 2121 1214 2152 BGR
1226 2132 1264 2162 ρρ
1277 2120 1336 2153 Pl.
1348 2120 1380 2153 2.
1393 2121 1428 2155 3.
1454 2122 1524 2155 Col.
1547 2124 1577 2158 X

884 2165 920 2198 {R
936 2183 983 2189 —
993 2166 1060 2201 [32.
1075 2180 1120 2193 =
1140 2165 1374 2200 nihilominus
1404 2167 1576 2201 alterna.

884 2210 945 2241 Ex.
964 2210 1129 2242 Francise.
1141 2226 1187 2238 =
1199 2223 1222 2242 α
1231 2219 1245 2242 ι
1255 2222 1354 2245 ema.
1379 2209 1440 2244 P-t.
1452 2228 1498 2241 =
1509 2225 1533 2245 a
1543 2214 1578 2245 l-

885 2256 1057 2288 teraci.
1101 2255 1192 2287 Pinc.
1205 2255 1246 2287 ci.
1266 2256 1392 2291 §—&
1407 2270 1460 2293 Ν.
1494 2259 1578 2292 1=

885 2310 907 2330 n
918 2299 968 2331 ul
975 2300 1020 2333 la
1044 2299 1113 2332 hae
1133 2313 1183 2333 re.
1228 2301 1258 2332 R
1272 2300 1350 2343 (lit.)
1365 2303 1442 2345 βιλπ
1459 2301 1518 2335 Ρ2.
1541 2302 1575 2336 3.

885 2343 955 2376 Col.
969 2359 1015 2372 ==
1026 2352 1060 2376 et
1078 2345 1125 2377 ill
1132 2346 1145 2377 i
1156 2357 1179 2376 n
1190 2357 1209 2377 c
1231 2346 1326 2378 unde
1341 2347 1453 2380 nobis.
1499 2359 1522 2381 α
1537 2353 1570 2386 -ξ-

885 2396 920 2420 ει
942 2389 957 2420 ι’
966 2401 990 2421 n
1012 2389 1078 2421 illo
1100 2391 1194 2422 unde
1216 2389 1326 2422 nobis.
1374 2403 1391 2425 0
1402 2407 1447 2420 =
1471 2400 1505 2424 et
1527 2393 1576 2426 il-

885 2433 960 2465 luc
981 2434 1076 2466 unde
1097 2435 1209 2468 nobis.
1256 2447 1278 2479 χ
1299 2450 1346 2463 =
1368 2444 1404 2468 et
1430 2437 1495 2468 illo
1523 2449 1577 2469 u-

886 2489 909 2508 n
920 2489 943 2509 u
954 2490 989 2510 m
1010 2478 1122 2511 nobis.
1169 2491 1241 2513 e=
1254 2488 1287 2511 et
1309 2480 1373 2513 illo
1402 2493 1457 2525 qu
1468 2492 1488 2512 ο
1510 2494 1576 2514 no-

886 2521 951 2554 bis.
998 2534 1015 2556 ε
1035 2539 1081 2551 =
1112 2535 1210 2556 mens
1240 2525 1346 2568 ipsa
1379 2527 1439 2558 sit.
1486 2536 1510 2558 α
1535 2531 1570 2565 -ξ-

885 2578 985 2600 mene
1004 2577 1129 2601 nostra
1153 2580 1238 2600 nun
1252 2581 1270 2600 c
1293 2570 1354 2602 siz.
1400 2570 1576 2614 R(s<x>)-

885 2620 1019 2644 nostra.

931 2654 984 2690 18.
1011 2657 1156 2700 Gonm)
1169 2659 1305 2690 -Hoc
1322 2658 1415 2702 quod
1436 2678 1480 2684 —
1500 2672 1576 2693 cum

885 2702 1038 2734 maxime
1046 2701 1111 2744 fit.
1146 2701 1303 2747 Ζβιοπφχ
1313 2718 1359 2731 =
1369 2711 1384 2736 t
1394 2715 1479 2736 urz-c
1496 2717 1575 2738 ma-

885 2746 981 2778 xime
1002 2746 1072 2790 fit..
1113 2744 1172 2778 P2.
1192 2745 1225 2779 3.
1258 2746 1329 2779 col.
1349 2749 1383 2782 Β
1409 2767 1452 2773 ··-
1473 2751 1506 2784 Θ
1531 2765 1577 2778 =

886 2801 1006 2823 nunc
1027 2791 1180 2823 maxime
1200 2789 1264 2834 fit.
1309 2792 1578 2827 msa-maxime

886 2846 976 2868 nun
988 2848 1007 2868 c
1022 2835 1085 2879 fit.
1120 2834 1204 2867 nen.
1226 2835 1326 2869 etiam
1345 2837 1436 2871 Pine-
1450 2839 1507 2871 Gr.
1524 2853 1575 2873 ω.
