1742 3094
177 206 262 251 404
630 207 675 247 L.
703 207 901 248 ANNAEI
932 207 1162 248 SENECAE

179 322 343 363 crimina
383 321 523 363 summi
553 320 645 362 boni
675 321 821 373 facies.
868 335 954 362 cum
984 335 1185 364 summum
1214 320 1367 363 bonum
1395 321 1619 377 intellegam

131 402 164 428 ιε
181 391 283 445 quod
307 404 424 446 supra
448 404 492 432 se
512 390 673 445 gradum
697 404 776 430 non
806 389 937 430 habet.
999 387 1044 431 Si
1077 397 1139 431 est
1164 390 1302 445 aliquis
1326 389 1454 431 minus
1484 390 1621 432 beatus

181 473 294 513 quam
317 458 433 510 alius,
454 458 642 513 *sequitur
663 465 706 498 ut
727 458 788 498 hic
808 457 969 499 alterius
989 458 1108 499 uitam
1125 458 1311 499 beatioris
1332 458 1456 513 magis
1478 473 1622 500 coneu-

181 527 307 582 piscat
326 541 440 581 quam
462 540 588 568 suam.
650 524 799 567 Beatus
823 532 951 567 autem
977 525 1072 566 nihil
1096 540 1190 567 suae
1217 527 1401 582 praefert.
1463 524 1622 568 Utrum-

181 595 277 636 libet
302 605 356 636 ex
375 594 436 636 his
460 594 688 635 incredibile
712 600 795 635 est:
841 600 907 634 aut
927 593 1070 648 aliquid
1098 593 1214 635 beato
1235 601 1387 635 restare
1409 595 1509 648 quod
1532 607 1623 635 esse

182 667 296 718 quani
322 663 425 717 quod
449 669 510 703 est
531 662 664 713 malit,
711 669 779 703 aut
798 662 835 702 id
855 662 962 702 illum
995 676 1074 703 non
1103 661 1218 702 malle
1254 662 1355 716 quod
1379 661 1446 702 illo
1483 661 1623 702 melius

157 730 160 733 ”
183 738 258 772 εει.
319 728 463 784 Utique
495 729 598 770 enim
623 744 699 784 quo
723 730 952 785 prudentior
981 737 1043 772 est
1071 730 1145 771 hoc
1173 729 1296 784 magis
1324 730 1436 770 se·ad
1462 729 1500 770 id
1522 729 1623 784 quod

182 805 244 839 est
271 798 456 854 optimum
491 798 679 838 extendet
700 805 740 838 et
759 798 798 839 id
817 798 923 839 omni
944 799 1060 839 modo
1096 797 1283 853 consequi
1309 797 1452 853 cupiet.
1515 795 1624 850 Quo-

181 866 296 907 modo
319 872 453 907 ⁴autem
483 865 622 906 beatus
647 872 708 907 εει
730 866 795 921 qui
819 880 961 921 cupere
983 867 1205 908 etiamnunc
1227 873 1379 922 potest,
1423 864 1541 906 immo
1559 863 1624 919 qui

135 944 166 972 1⁹
185 934 330 975 debet?
386 931 526 975 Dicam
550 933 639 988 quid
659 934 711 974 sit
733 947 786 975 ex
803 949 878 989 quo
899 935 1034 976 ueniat
1051 934 1112 975 hic
1130 948 1258 976 error.
1316 932 1514 975 Nesciunt
1531 933 1626 973 bea-.

184 1010 263 1043 tam
283 1002 405 1043 uitam
429 1015 546 1043 unam
571 1015 676 1043 esse.
737 1000 785 1043 In
808 1002 952 1057 optimo
970 1002 1074 1043 illam
1097 1010 1200 1044 statu
1221 1002 1330 1058 ponit
1348 1002 1512 1056 qualitas
1532 1014 1619 1052 sua,

182 1084 263 1111 non
285 1068 525 1124 magnitudo.
585 1066 723 1124 Itaque
743 1069 783 1109 in
808 1083 932 1124 aequo
959 1077 1021 1111 est
1042 1070 1159 1125 longa
1175 1077 1215 1110 ει
1232 1069 1389 1120 breuis,
1423 1069 1565 1110 diffusa
1583 1075 1623 1108 et

183 1137 411 1193 angustior,
459 1137 499 1178 in
518 1137 640 1178 multa
661 1137 746 1178 loca
765 1137 984 1192 multasque
1000 1144 1132 1193 partes
1156 1137 1363 1179 distributa
1380 1143 1420 1178 ει
1437 1137 1478 1177 in
1503 1150 1621 1177 unum

183 1213 336 1247 coacta.
399 1203 479 1258 Qui
511 1204 616 1246 illam
651 1219 816 1246 numero
851 1205 1033 1246 aestimat
1051 1212 1091 1246 ει
1112 1219 1297 1246 mensura
1326 1211 1367 1245 et
1388 1204 1562 1260 partibus
1581 1203 1620 1244 id

182 1274 238 1315 illi
262 1273 367 1328 quod
391 1272 509 1314 habet
535 1272 728 1314 eximium
762 1272 890 1329 eripit.
953 1271 1058 1327 Quid
1089 1279 1219 1314 autem
1249 1279 1310 1314 est
1333 1272 1374 1313 in
1395 1272 1509 1312 beata
1541 1270 1622 1312 uita

183 1341 370 1383 eximium
381 1341 404 1381 2
434 1340 536 1395 quod
559 1340 673 1395 plena
694 1347 770 1382 est.
830 1338 942 1382 Finis
956 1372 968 1393 ‚
1011 1348 1055 1382 ut
1078 1348 1171 1397 puto
1186 1373 1198 1393 ‚
1231 1339 1368 1382 edendi
1388 1339 1622 1394 bibendique

181 1410 342 1452 satietas
363 1416 438 1450 est.
499 1407 577 1450 Hic
607 1409 692 1464 plus
719 1408 823 1460 edit,
867 1408 935 1450 ille
953 1409 1108 1450 minus:
1157 1409 1246 1464 quid
1264 1409 1413 1450 refert?
1457 1415 1620 1461 uterque

180 1478 257 1520 iam
273 1485 387 1519 satur
403 1484 486 1518 εει.
549 1476 610 1518 hic
631 1477 715 1532 plus
738 1476 858 1528 bibit,
891 1476 957 1518 ille
979 1477 1133 1518 minus:
1166 1477 1255 1532 quid
1280 1477 1429 1518 refert?
1455 1482 1619 1530 uterque

129 1555 164 1583 ‘20
182 1560 262 1588 non
280 1545 381 1587 sitit.
441 1544 506 1585 hic
525 1544 698 1600 pluribus
719 1544 832 1585 annis
848 1544 964 1596 uixit,
998 1545 1060 1586 hic
1082 1545 1354 1600 paucioribus:
1387 1543 1483 1586 nihil
1497 1544 1619 1586 inter·

178 1620 266 1665 est,
299 1613 335 1654 si
356 1620 434 1654 tam
456 1612 564 1653 illum
587 1611 696 1652 multi
726 1612 819 1652 anni
840 1612 995 1653 beatum
1029 1614 1206 1654 fecerunt
1228 1627 1343 1667 quam
1363 1613 1464 1653 hunc
1487 1611 1614 1666 pauci.

177 1680 249 1723 Ille
284 1694 399 1736 quem
420 1687 467 1721 tu
491 1679 619 1721 minus
648 1679 805 1720 beatum
836 1694 955 1721 uocas
986 1695 1066 1722 non
1089 1687 1150 1722 est
1170 1681 1334 1721 beatus:
1378 1694 1456 1721 non
1490 1685 1619 1734 potest

180 1763 324 1790 nomen
345 1747 524 1790 inminui.
583 1746 679 1798 Qui
705 1746 842 1803 fortis
860 1749 1032 1790 estsine
1054 1749 1210 1790 timore
1230 1753 1305 1790 εει.
1365 1748 1437 1802 qm'
1457 1747 1550 1788 sine
1566 1747 1617 1787 ti-

178 1830 300 1859 more
324 1821 387 1858 εει
408 1817 501 1858 sinc
523 1816 710 1857 tristitia
729 1820 803 1857 est.
864 1817 938 1871 qui
956 1817 1049 1858 sine
1078 1817 1260 1858 tristitia
1281 1820 1343 1857 est
1369 1815 1518 1857 beatus
1538 1819 1616 1856 εει.

177 1884 420 1927 Nostrorum
436 1884 534 1925 haec
550 1883 811 1938 <interrogatio
830 1891 904 1926 est.
965 1883 1173 1926 Aduersus
1191 1884 1291 1925 hanc
1305 1883 1363 1924 sic
1376 1882 1616 1938 respondere

179 1960 398 1995 conanturz
427 1951 592 2008 falsam
614 1965 694 1994 nos
710 1965 805 1993 rem
825 1957 866 1994 ει
889 1954 1282 1995 controuersiosam
1300 1965 1390 2006 pro
1413 1950 1616 2006 consessa

266 2058 313 2072 πτ-
334 2055 446 2076 summ
457 2054 522 2075 um
567 2042 632 2075 bon
643 2055 666 2075 u
677 2054 710 2074 m
738 2041 873 2086 facies.
921 2043 965 2078 ‘m
976 2061 1023 2068 —
1032 2044 1096 2078 {Dte
1105 2058 1151 2071 =
1162 2043 1178 2075 i
1186 2055 1210 2076 a
1221 2055 1254 2075 m
1276 2042 1337 2075 illi
1355 2054 1387 2087 q.
1411 2042 1446 2074 Ιι.
1467 2053 1522 2074 ex.

177 2088 265 2122 RP2·
284 2089 371 2134 (sm)
385 2089 419 2124 6
429 2087 614 2133 -Ῑαοὶεε,
661 2089 700 2120 In
722 2090 789 2122 λπσ
801 2087 874 2132 sa·
964 2088 1083 2128 Finis,
1107 2097 1146 2121 ut
1162 2097 1229 2135 put
1240 2100 1314 2121 o=
1326 2099 1402 2119 mss.
1422 2086 1523 2119 etiam
1533 2088 1610 2129 Ops.

177 2136 251 2167 cies
260 2142 311 2166 est
322 2140 532 2178 expunctum.
558 2133 642 2166 Rell.
659 2145 773 2166 omnes
788 2147 822 2164 ω
830 2156 839 2165 .
920 2134 984 2168 Ἇθῖ
993 2151 1039 2158 -
1049 2135 1112 2171 (Sl.
1124 2136 1178 2171 24.
1192 2134 1240 2168 ἕ.
1309 2134 1338 2166 (Ξ
1348 2138 1382 2169 2.
1392 2150 1435 2155 —
1446 2132 1510 2165 *Ra
1527 2134 1610 2175 (exc.

221 2180 320 2212 Recc.
333 2191 372 2222 ρρ
382 2178 532 2223 plerique
548 2194 593 2207 =
603 2191 679 2211 cum
703 2191 874 2212 summum
918 2178 990 2221 24.)
999 2193 1046 2206 =
1058 2180 1174 2216 Finis,
1199 2186 1239 2210 uc
1256 2185 1322 2223 pue
1332 2188 1366 2209 a.
1415 2187 1433 2211 0
1444 2191 1488 2204 =
1499 2176 1611 2208 eden-

175 2225 301 2257 bonum
322 2225 467 2269 intellig
477 2237 500 2256 α
510 2236 538 2258 ε.
919 2223 960 2255 ti
986 2222 1088 2255 biben
1098 2231 1112 2255 ι
1123 2224 1214 2267 ique.
1286 2222 1318 2254 G
1333 2237 1379 2250 =
1400 2221 1464 2254 ille
1493 2222 1612 2254 minue

221 2268 274 2302 18.
301 2270 436 2301 w=Si
459 2277 513 2301 est
534 2268 634 2301 aliu
646 2280 664 2300 ε
687 2268 814 2300 minus.
916 2268 1059 2312 quide
1071 2279 1125 2307 m,
1169 2275 1325 2313 uterque.
1397 2279 1408 2301 ι
1426 2282 1472 2294 =
1493 2275 1532 2299 ut
1543 2278 1562 2298 r
1575 2267 1610 2299 i-

217 2313 483 2356 Arg.b—-nihil
497 2320 575 2345 ante
594 2324 680 2345 suae
693 2311 870 2357 praqfert.
916 2324 981 2358 que
1001 2314 1074 2345 iam
1097 2314 1179 2346 sati
1188 2324 1206 2345 ε
1230 2320 1294 2346 εει.
1335 2311 1455 2356 6(εω)
1468 2313 1608 2345 -ἱαηι,

217 2359 337 2403 Β(εω)
349 2359 382 2393 {R
394 2376 438 2383 —
447 2359 533 2393 3-
541 2358 582 2390 id
592 2363 670 2390 ante
681 2358 782 2390 illum
801 2368 872 2390 non
959 2356 1016 2390 20.
1051 2358 1081 2390 R
1091 2373 1138 2387 =
1150 2358 1253 2390 multi
1281 2358 1372 2390 anni
1403 2357 1432 2402 [ε
1455 2356 1608 2402 beatum]

173 2405 292 2438 malle.
338 2416 356 2436 r
371 2408 405 2443 -f-
419 2403 513 2449 quod
545 2403 560 2435 i
571 2403 609 2436 ll
616 2414 638 2434 u
651 2403 676 2434 d
699 2402 762 2435 illo
793 2415 870 2435 me·-
910 2400 1011 2447 fecer
1024 2403 1039 2435 i
1050 2415 1073 2435 n
1084 2412 1109 2437 t.
1157 2403 1266 2436 Etiam
1287 2415 1317 2435 w
1327 2402 1480 2448 =fecer
1489 2404 1505 2435 i
1514 2411 1570 2435 ne.

175 2451 258 2483 lius.
304 2461 321 2484 ν
331 2464 378 2478 =
390 2448 482 2495 quod
516 2448 603 2480 ille
626 2448 697 2480 mel
706 2448 748 2481 io
758 2460 779 2480 r
799 2456 866 2482 est.
958 2448 1004 2481 sR
1013 2464 1058 2477 =
1070 2461 1093 2481 n
1102 2461 1125 2481 u
1135 2461 1214 2482 men
1237 2449 1411 2482 imminui.
1455 2446 1514 2481 1³2-
1534 2446 1605 2480 Col.

174 2495 365 2541 1=quod
396 2494 491 2528 illa
513 2493 640 2526 melius
662 2502 726 2526 εει.
794 2505 868 2526 r=
913 2492 971 2527 P3.
987 2494 1301 2538 (s.m.)=numen
1334 2493 1477 2527 minui.
1522 2504 1607 2527 πε

173 2553 263 2587 quoq
271 2553 294 2573 u
305 2554 324 2574 ε
341 2539 554 2586 prudentior
567 2547 632 2572 εει.
690 2551 707 2571 r
717 2554 761 2567 =
773 2541 867 2585 opei-
914 2550 937 2571 n
946 2551 970 2571 u
981 2551 1015 2571 m
1026 2553 1044 2572 e
1054 2553 1074 2573 r
1083 2552 1107 2572 ιι
1116 2552 1136 2573 ε
1157 2540 1331 2573 imminui.
1398 2550 1416 2571 ι·
1427 2553 1472 2566 =
1485 2540 1515 2580 Q
1524 2549 1548 2570 u
1557 2539 1573 2571 i
1581 2538 1617 2571 d·

172 2599 267 2619 mum
286 2586 474 2620 extendit.
531 2584 670 2629 (ἥψω)
684 2586 865 2618 =etiam-
903 2583 1022 2629 fortis
1043 2594 1098 2618 est
1108 2585 1126 2618 ?
1193 2585 1223 2618 R
1237 2589 1272 2623 -Ι-
1287 2584 1501 2617 Nostrorum
1526 2594 1550 2615 a
1559 2594 1604 2615 u-

171 2643 266 2664 nunc
284 2644 311 2677 p
320 2644 340 2663 r
351 2644 371 2663 ε
382 2643 416 2664 m
425 2632 441 2664 i
453 2642 474 2663 o
494 2631 556 2676 qui
580 2630 691 2663 debet.
911 2638 926 2663 t
937 2643 956 2662 e
968 2642 1002 2662 m
1036 2630 1060 2662 Ιι
1071 2643 1095 2664 a
1105 2643 1125 2663 e
1137 2643 1168 2662 ε.
1236 2629 1339 2673 Arg.b
1355 2644 1401 2657 =
1419 2629 1605 2662 Adversus

218 2674 271 2709 19.
306 2689 324 2709 r
332 2692 378 2705 =
389 2677 528 2710 beatam
559 2676 670 2709 vitam
702 2674 723 2707 b
733 2686 753 2707 ο
764 2686 787 2707 n
798 2687 820 2708 u
832 2688 865 2708 m
912 2675 1008 2708 hanc
1028 2688 1086 2708 res
1111 2675 1243 2708 andere
1263 2677 1317 2708 eie
1339 2681 1523 2707 conamur.

169 2734 218 2755 un
227 2734 251 2755 u
262 2734 297 2754 m
315 2734 404 2756 esse.
429 2723 494 2765 γδυ
503 2736 550 2750 =
561 2720 593 2756 b.
613 2721 726 2754 vitam
746 2732 792 2753 un
801 2733 865 2754 um
953 2720 1047 2753 RGw
1084 2721 1115 2754 2.
1127 2719 1162 2754 3.
1178 2720 1248 2753 Col.
1259 2721 1295 2755 §R
1303 2738 1347 2744 --
1357 2721 1389 2754 Ξῖ
1398 2734 1445 2747 ==
1458 2726 1493 2751 et
1515 2729 1603 2752 con-

166 2779 257 2800 esse.
909 2774 1049 2799 troven
1057 2766 1073 2799 ι’
1082 2778 1106 2800 a
1117 2778 1162 2800 m.
1206 2766 1252 2801 ⁵221
1261 2783 1309 2790 --
1317 2765 1351 2800 Β
1364 2767 1397 2802 1.
1406 2779 1453 2794 =
1464 2772 1498 2796 et
1516 2775 1603 2797 con-

211 2814 227 2845 i
236 2813 261 2845 d
283 2813 344 2846 illi
376 2813 471 2858 quod
494 2812 602 2846 habet
630 2812 798 2845 eximium
817 2826 863 2840 =
907 2820 1048 2846 vovet-5
1057 2824 1081 2846 a
1092 2824 1137 2846 m.
1184 2809 1269 2843 nell.
1302 2809 1404 2842 etiam
1436 2809 1499 2842 ssR
1529 2809 1557 2842 P
1565 2807 1598 2842 2.

164 2869 240 2893 mss.
258 2859 341 2903 (exc.
357 2858 412 2901 Sc)
433 2859 555 2893 xm-
567 2858 652 2893 ΘΕ.
698 2858 796 2889 Sc—
808 2858 860 2890 id.
906 2855 940 2890 3.
958 2870 1007 2889 ω.
