1742 3094
205 235 263 279 60
657 234 701 274 L.
735 233 932 274 ANNAEl
963 233 1193 274 SENECAE

207 345 391 390 tidianam
406 345 559 402 'stipem
590 359 745 386 manum
775 345 962 402 porrigis.
1022 345 1159 387 Aurea
1187 352 1227 387 te
1257 344 1358 401 stipe
1389 344 1544 401 inplebo
1558 377 1571 397 ,
1612 352 1653 386 et

208 415 299 471 quia
322 415 424 456 facta
446 420 508 455 est
528 413 614 454 auri
636 412 783 454 mentio
798 445 810 465 ‚
856 413 990 469 accipe
1018 414 1340 468 quemadmodum
1360 427 1457 454 usus
1482 414 1652 454 fructus-

208 497 284 539 que
307 482 392 523 eius
419 481 490 523 tibi
511 494 602 523 esse
625 480 775 535 gratior
798 480 937 536 possit.
959 496 961 498 ·
999 479 1044 523 Is
1063 482 1248 523 maxime
1275 481 1439 522 diuitiis
1465 478 1653 536 fluitur,-

207 551 281 607 qui
298 550 470 591 minime
486 549 649 590 diuitiis
665 547 841 603 indiget.
890 546 993 600 Ede,
1024 548 1170 604 inquis,
1202 555 1418 590 auctorem.
1475 545 1530 589 Ut
1549 547 1652 588 scias

209 632 323 674 quam
352 616 511 672 benigni
543 615 666 656 simus
681 647 692 667 ,
736 615 978 671 propositum
1006 622 1068 657 est
1097 616 1225 658 aliena
1262 616 1448 657 laudare:
1489 613 1653 671 Epicuri

208 683 274 727 est'
300 691 368 726 aut
389 682 611 725 Metrodori
643 689 712 723 aut
748 682 912 724 alicuius
937 696 990 725 ex
1013 683 1078 724 illa
1107 683 1274 725 officina.
1333 682 1390 724 Et
1410 682 1503 737 quid
1529 682 1653 723 inter-v

211 760 274 795 est
302 752 389 808 quis
420 751 591 792 dixerit?
644 750 963 791 omnibus‘dixit.
1035 749 1115 805 Qui
1138 757 1229 807 eget
1249 751 1394 792 diuitiis
1410 782 1421 802 ,
1452 749 1565 790 timet
1581 763 1652 805 pro

162 833 196 861 ιο
210 820 304 862 illis.
363 818 480 860 nemo
510 824 641 859 autem
670 817 972 859 sollicito'bono
1008 818 1174 860 fruitur:
1219 819 1381 859 adicere·
1403 817 1482 858 illis
1509 816 1653 871 aliquid

207 888 352 930 studet.
414 887 503 927 dum
521 885 569 926 de
592 884 836 926 incremento
856 885 1024 940 cogitat,
1058 885 1202 927 oblitus
1232 892 1304 926 est·
1317 899 1438 926 usus:
1477 883 1653 925 rationes

206 954 373 1010 accipit,
401 954 529 994 forum
546 952 740 1005 conterit,
774 952 1044 994 calendarium
1066 959 1217 1005 uersat,
1249 953 1293 994 fit
1313 965 1367 994 ex
1386 951 1544 994 domino
1563 965 1654 1008 pro-

209 1029 382 1064 curator.
443 1019 556 1062 Uale.

211 1157 286 1191 eod.
297 1156 439 1200 Lips.=
449 1156 520 1189 Na
530 1168 564 1188 m
580 1154 783 1189 damnatur.
801 1155 906 1187 Gron.

211 1203 251 1236 ci.
264 1202 403 1235 :Non
425 1202 534 1234 damn
547 1209 606 1235 at.
644 1202 733 1236 3:
746 1211 815 1232 non
839 1199 907 1231 do-

212 1250 380 1282 minatur.
424 1253 524 1291 atque
559 1245 674 1278 adiicit
705 1245 740 1278 in
779 1244 908 1278 Notis:

210 1293 340 1336 „Vulgo
370 1303 484 1325 omnes
514 1291 608 1323 mssti
637 1290 803 1334 edifique,
837 1299 908 1321 non

211 1339 405 1372 damnatur
427 1342 491 1369 etc.
511 1335 603 1368 haud
629 1335 729 1367 dubie
752 1339 909 1377 corrupta

210 1383 391 1426 scriptura:
431 1380 495 1413 ubi>
516 1390 570 1412 me
599 1380 765 1420 advertit,
806 1377 907 1422 quod,

210 1439 311 1472 quum
359 1427 557 1470 dampnare
589 1425 714 1457 inserta
811 1423 910 1455 litera

953 1155 1067 1199 probis
1088 1155 1274 1188 timendum
1296 1161 1348 1187 est
1368 1166 1388 1188 a
1401 1155 1548 1194 fortuna,
1568 1153 1654 1186 sicut

953 1200 1086 1241 latroni,
1107 1212 1205 1244 quem
1222 1199 1325 1232 modo
1343 1199 1497 1240 laudasti,
1509 1210 1578 1232 non
1592 1198 1653 1231 iti-

954 1246 1031 1278 dem
1054 1245 1260 1288 sapientibus
1291 1251 1326 1277 et
1349 1244 1485 1288 probis,
1509 1243 1544 1276 in
1569 1255 1652 1288 quos

953 1290 1010 1322 illa
1033 1290 1083 1322 ius
1103 1301 1173 1323 non
1203 1293 1371 1322 exeroet.“
1419 1291 1506 1322 Sane
1536 1295 1653 1332 arguta

954 1335 1038 1368 haec
1065 1341 1117 1367 est
1148 1341 1183 1368 et
1201 1335 1341 1368 obscura
1360 1334 1516 1367 brevitas.
1565 1335 1592 1366 B
1610 1338 1644 1372 -ξ-

955 1394 974 1413 e
989 1388 1004 1413 t
1024 1380 1040 1413 i
1057 1392 1081 1412 a
1097 1392 1131 1412 m
1173 1392 1252 1413 cum
1283 1379 1426 1413 occidit.
1471 1390 1490 1412 e
1512 1394 1559 1408 =
1582 1390 1653 1412 non

956 1426 1151 1458 damnatur
1184 1426 1278 1458 latro
1291 1449 1300 1465 ,
1346 1436 1423 1457 cum
1469 1424 1652 1457 occiditur.

211 1478 406 1506 constanter
423 1471 502 1503 alias
522 1470 670 1503 scribant
691 1482 731 1503 co
758 1469 823 1502 'ces
843 1479 909 1500 no-

211 1517 273 1550 stri
295 1524 330 1550 et
348 1516 514 1549 editiones
536 1522 684 1555 veteres,
709 1515 743 1547 h.
765 1514 789 1546 1.
809 1513 867 1545 illa
884 1525 910 1558 p

210 1562 308 1595 litera
326 1561 365 1594 in
383 1561 476 1593 nullo
494 1560 582 1592 libro
606 1565 815 1603 compareat:
839 1558 909 1590 ita-

211 1619 276 1651 que
297 1618 368 1639 non
386 1606 590 1638 dominatur
601 1603 834 1647 corrigendum
843 1614 909 1645 pu-

210 1651 300 1692 tavi,
335 1657 437 1695 atque
466 1649 515 1682 ita
548 1649 718 1693 scripsisse
750 1650 909 1680 Senecam

247 1696 255 1703 '
283 1697 291 1703 '
313 1694 481 1740 persuasi,
505 1694 671 1726 sententia
699 1691 904 1725 huiusmodi:

213 1742 384 1774 Occidere
403 1741 498 1773 latro
520 1739 621 1772 etiam
641 1738 827 1782 sapientem
838 1748 907 1783 po-

211 1795 303 1821 test:
328 1786 392 1820 sed
406 1797 476 1817 non
489 1785 569 1817 ideo
587 1792 640 1817 est
662 1785 737 1828 (aut
753 1782 817 1826 fit)
841 1782 909 1815 do·

213 1833 332 1865 minus
353 1830 519 1863 eiusdem:
545 1829 676 1873 sapiens
697 1827 796 1867 enim,
819 1827 909 1859 solus

212 1877 306 1917 liber,
319 1876 446 1908 nullum
464 1873 637 1907 dominum
657 1873 820 1917 agnoscit.
844 1874 909 1905 Pro

199 1922 419 1956 dominatur
446 1926 576 1953 veteres
606 1918 731 1952 librarii
759 1919 912 1950 domna-

213 1977 272 2001 ιω·
290 1966 434 1999 scribere
451 1971 654 2009 potuerunt,
677 1970 735 1996 aut
755 1959 910 2005 dritur,

214 2021 253 2046 ut
265 2013 415 2046 domnus
425 2016 484 2042 aut
506 2010 532 2042 d
539 2009 562 2042 ἦ
571 2022 595 2042 u
605 2021 624 2042 s
637 2021 700 2053 pro
711 2009 912 2042 dominus.“

212 2059 293 2091 Nou
322 2054 486 2100 persuasit
515 2054 615 2095 mihi,
649 2061 686 2086 ut
715 2053 913 2097 corrigerem

213 2114 290 2135 mss.
311 2101 399 2133 inter
420 2112 456 2132 se
480 2099 616 2132 omnino
648 2098 910 2131 consentientes:

214 2154 250 2179 et
271 2152 348 2178 sunt
371 2156 486 2177 eorum
516 2143 650 2187 quidam
677 2143 793 2186 scripti
812 2149 912 2174 ante-

215 2202 315 2235 quam
336 2196 437 2222 notae
449 2188 526 2220 illae
538 2188 591 2220 vel
605 2186 803 2230 compendia
815 2199 911 2219 usur-

217 2241 392 2280 parentur,
418 2245 458 2266 ex
481 2232 596 2276 quibus
620 2234 683 2264 Sw.
710 2238 818 2264 ortam
841 2243 912 2263 esse

215 2286 313 2325 putat
333 2278 514 2322 scripturae
532 2276 815 2320 depravationem.
840 2277 913 2308 Lo-

217 2338 273 2358 cus
306 2324 354 2356 sic
382 2323 515 2356 videtur
536 2321 710 2365 explicari:
751 2320 914 2353 Concedit

215 2368 420 2404 adversarius
442 2367 550 2400 initia
570 2368 609 2399 in
627 2374 753 2399 nostra
773 2366 914 2412 quidem

213 2422 392 2462 potestate
409 2424 501 2446 esse:
527 2420 592 2452 „at
603 2410 771 2456 fortuna,
795 2410 912 2454 iuquit,

216 2472 294 2494 mox
307 2459 446 2504 aliquid
459 2457 659 2490 vexationis
669 2455 823 2501 adferet,
839 2456 912 2488 uli-

216 2505 303 2552 quid
334 2504 493 2537 adversi.
539 2501 701 2545 Exemplo
735 2501 780 2534 sit
808 2501 913 2541 latro,

218 2550 274 2595 qui
298 2561 366 2582 non
386 2548 476 2581 illico
499 2549 703 2587 detranatur,
722 2558 799 2579 cum
819 2547 914 2578 occi-

218 2596 292 2636 dit,
316 2594 375 2627 sed
400 2592 611 2626 damnabitur
632 2598 744 2624 tamen
757 2617 765 2630 ,
789 2590 817 2623 si
837 2591 914 2624 for-

217 2648 317 2679 tuna,
351 2645 389 2671 ut
413 2636 701 2681 deprehendatur,
725 2635 912 2668 effecerit.“

218 2687 287 2717 Iam
328 2695 409 2716 vero
445 2695 519 2715 cum
554 2681 694 2715 latronis
728 2681 912 2725 exemplum

217 2728 396 2774 protulerit
425 2726 652 2767 adversarius,
680 2727 753 2758 eius
775 2733 913 2758 senten-

217 2774 299 2807 tiam
342 2772 494 2805 refellere
540 2771 734 2815 supersedet
767 2773 911 2803 Seneca:

219 2824 354 2863 poterat
372 2817 594 2861 respondere:
630 2815 770 2858 „stultis
794 2823 828 2848 et
849 2816 913 2848 im—

955 1472 1088 1511 ‚,Quum
1122 1470 1158 1502 in
1185 1469 1291 1513 Lipsii
1318 1469 1392 1503 cod.
1415 1469 1460 1502 sit
1481 1481 1565 1502 nam
1587 1480 1652 1513 pro

957 1527 1038 1558 non,
1059 1521 1168 1548 totam
1180 1515 1277 1558 ῥῆσιν
1298 1515 1346 1548 ita
1367 1514 1523 1547 emendat
1534 1514 1654 1547 Vonck

954 1560 990 1592 in
1027 1562 1102 1592 Act.
1134 1560 1240 1592 Acad.
1277 1558 1330 1592 15.
1369 1559 1476 1592 Elect.
1510 1559 1582 1600 Pal.
1620 1558 1650 1591 1.

955 1617 990 1648 p.
1015 1602 1091 1637 160.
1139 1605 1237 1637 Num
1257 1606 1406 1637 damnat
1419 1603 1512 1649 sur,
1547 1604 1653 1644 latro,

955 1661 1032 1683 cum
1064 1650 1222 1682 occidit?
1270 1649 1427 1682 Mallem:
1476 1660 1548 1682 non
1583 1650 1654 1682 da—

955 1702 1054 1727 mnat
1075 1695 1190 1736 latro,
1216 1706 1294 1726 cum
1316 1694 1455 1727 occidit.
1501 1695 1596 1726 Unus
1613 1705 1654 1726 ex

954 1739 1122 1782 discipulis
1152 1751 1220 1771 non
1251 1739 1337 1771 male
1373 1738 1422 1771 ita
1451 1738 1519 1782 legi
1554 1749 1654 1782 posse

954 1784 1109 1829 putabat:
1135 1796 1205 1817 non
1225 1784 1430 1825 damnatur,
1447 1784 1543 1817 latro
1553 1795 1655 1835 quem

956 1830 1123 1862 occidit-‘⁴
1149 1829 1323 1874 [Matth]
1350 1829 1532 1873 Proposuit
1561 1828 1654 1862 illam

954 1874 1023 1907 loci
1061 1874 1312 1907 distinctionem
1347 1885 1465 1906 censor
1496 1873 1654 1906 editionis

956 1920 1080 1952 Matth.
1092 1919 1128 1952 in
1137 1919 1228 1952 Dias.
1240 1919 1323 1952 Litt.
1337 1919 1414 1952 Hal.
1431 1915 1530 1952 1809.
1543 1919 1587 1951 N.
1595 1915 1652 1950 68.

956 1977 991 2009 p.
1016 1962 1094 1997 554.

1006 2023 1060 2058 15.
1086 2020 1174 2061 Ede,
1198 2021 1328 2067 inquis,
1353 2028 1549 2054 auctorem-
1577 2031 1655 2063 p=

958 2066 1036 2098 Ede
1057 2065 1130 2110 inq.
1153 2064 1507 2100 auctoritatem.
1609 2089 1615 2095 -

1003 2109 1151 2155 benigni
1175 2111 1297 2143 simus.
1343 2111 1565 2145 Xffl—8==
1585 2108 1655 2141 be-

958 2155 1303 2199 nignissimus.
1351 2156 1521 2188 PRrTBE
1541 2170 1586 2183 ==
1615 2167 1648 2185 ω

957 2213 975 2232 s
985 2212 1007 2231 ιι
1018 2211 1051 2231 m
1060 2211 1083 2231 u
1093 2212 1121 2232 s.

1003 2244 1126 2276 aliena
1141 2244 1304 2277 laudare.
1343 2244 1488 2284 Quidam
1504 2243 1597 2277 Pinc.
1610 2260 1658 2272 :a

959 2289 1082 2322 aliena
1105 2289 1130 2321 d
1139 2301 1163 2321 a
1174 2301 1194 2321 r
1208 2302 1238 2322 e.

1003 2334 1255 2369 'lt—omuibus
1278 2334 1383 2367 cli-rit.

1007 2392 1060 2427 16.
1084 2390 1242 2423 sollicito
1263 2390 1360 2425 bono.
1393 2390 1655 2425 v0u=sollici-

960 2443 975 2468 t
986 2447 1008 2467 u
1018 2447 1036 2468 s
1060 2434 1157 2467 bono.

1003 2478 1062 2513 P3.
1078 2480 1148 2512 Col.
1161 2496 1207 2508 =
1216 2481 1376 2514 adiicere
1395 2481 1410 2514 i
1420 2481 1457 2514 ll
1465 2482 1479 2514 i
1502 2481 1655 2526 aliquid.

1005 2524 1134 2557 oblitus
1156 2534 1222 2559 est.
1259 2526 1287 2558 R
1298 2545 1345 2551 —
1356 2534 1421 2559 est.

986 2627 990 2632 η
1006 2582 1178 2614 rationes.
1202 2583 1325 2627 Ββδμυ
1334 2583 1510 2620 list—&20
1520 2597 1565 2610 ==
1574 2584 1656 2614 Ra-

961 2627 1224 2661 tzocinationes.
1251 2639 1267 2661 ν
1278 2647 1319 2652 -
1333 2627 1494 2660 rationes
1513 2626 1654 2672 accipit.

959 2672 1011 2716 pR
1037 2672 1095 2715 (cr.
1112 2673 1164 2716 ω)
1187 2675 1266 2716 Arg.
1279 2672 1300 2704 b
1313 2687 1358 2701 =
1371 2672 1519 2717 accepit.

995 2726 1123 2773 forum
1154 2728 1317 2762 conterit.
1365 2727 1394 2760 G
1407 2743 1454 2756 ==
1464 2725 1519 2772 fe
1531 2740 1550 2761 r
1559 2740 1578 2760 r
1589 2739 1612 2761 u
1623 2740 1656 2761 m

960 2781 1124 2807 content.

1001 2826 1228 2864 procurator.
1263 2818 1344 2850 T=
1354 2828 1491 2851 servus.
