1742 3094
641 175 685 215 L.
719 176 920 216 ANNAEI
951 178 1182 218 SENECAE

363 286 449 327 Illa
476 289 548 330 uel
575 289 766 331 intactae
792 290 947 343 seyetis
969 303 1059 344 per
1085 304 1246 333 summa
1274 292 1448 334 uolaret

365 356 579 398 Gramina
606 369 687 398 uec
705 369 844 398 -cursu
873 362 1048 399 teneras
1076 359 1270 400 laesisset
1299 360 1476 411 aristas,

370 424 450 466 Uel
479 437 600 466 mare
623 437 712 478 per
739 425 921 466 medium
946 425 1081 481 fluctu
1109 440 1317 481 suspensa
1346 428 1522 469 tumenti

362 492 519 533 Ferret
547 493 631 533 iter
661 493 825 534 celeres
853 506 932 534 uec
960 495 1144 548 tiuyeret
1173 508 1364 549 aequore
1387 496 1581 549 plautas.

188 560 299 601 Haec
341 567 403 600 est
431 560 642 615 pernicitas
684 574 753 615 per
781 573 825 600 sc
855 561 1081 612 aestimata,
1125 576 1205 602 non
1241 576 1341 616 quae
1382 563 1625 604 tardissimo-

188 642 274 669 rum
300 628 522 668 conlatione
547 627 738 668 laudatur.
801 625 903 681 Quid
918 659 930 679 ‚
972 628 1006 668 si
1027 641 1176 669 samtm
1200 643 1321 671 uoces
1347 629 1489 671 leuiter
1507 629 1625 671 sebri-

153 713 171 739 5
189 696 373 737 citantem
385 697 404 735 ’.Ρ
433 708 511 735 non
526 701 587 735 est
600 694 702 735 bona
718 694 888 735 ualitudo
904 695 1152 736 mediocritas
1164 696 1305 737 morbi.
1366 695 1451 748 Sic,
1481 697 1622 752 inquit,

185 763 342 818 sapiens
366 761 693 816 inperturbatus
714 762 879 814 dicitur,
912 764 1104 817 quomodo
1125 763 1289 818 apyrina
1308 763 1513 815 dicuntur,
1534 779 1625 821 non

185 830 324 885 quihus
345 831 447 871 nulla
469 830 574 871 inest
593 830 733 871 duritia
754 844 980 884 granorum,
1014 831 1083 872 sed
1104 830 1243 886 quibus
1259 830 1402 872 minor.
1423 871 1425 873 ,
1462 829 1625 873 Falsum

185 905 262 940 est.
321 897 417 940 Non
448 898 550 939 enim
582 898 876 939 diminutionem
904 899 1093 940 malornm
1118 898 1157 941 in
1179 898 1284 941 bono
1311 898 1398 940 uiro
1418 898 1621 956 intellego,

183 967 251 1008 sed
269 966 535 1008 uacationem:
569 965 675 1006 nulla
695 966 838 1008 debent
853 980 960 1017 esse,
993 980 1071 1008 non
1091 980 1236 1021 parua:
1268 979 1356 1006 nam
1374 966 1408 1006 si
1424 966 1620 1024 anasum,

183 1041 364 1075 crescent
383 1041 422 1074 et
444 1033 600 1074 interim
629 1033 843 1088 inpedient.
905 1031 1112 1086 Quomodo
1133 1033 1269 1074 oculos
1291 1033 1416 1074 maior
1438 1040 1479 1074 et
1494 1034 1622 1089 perfe-

149 1112 166 1140 6
184 1109 245 1142 cta
259 1101 423 1143 suffusio
437 1106 640 1152 excaecat,
672 1100 729 1141 sic
749 1100 903 1142 modica
923 1100 1066 1143 turbat.
1130 1099 1175 1142 Si
1192 1101 1260 1142 das
1278 1100 1428 1155 aliquos
1444 1101 1619 1144 adfectus

178 1170 361 1225 sapienti,
391 1169 504 1224 inpar
519 1168 597 1209 illis
617 1168 692 1209 erit
710 1168 812 1209 ratio
830 1175 872 1209 et
889 1169 998 1210 uelut
1016 1175 1192 1211 torrente
1212 1168 1378 1222 quodam
1397 1168 1614 1220 auferetur,

178 1237 409 1293 praesertim
445 1251 532 1277 cum
556 1236 610 1276 illi
635 1250 714 1276 non
736 1250 855 1276 unum
885 1236 1079 1276 adfectum
1095 1266 1106 1286 ‚
1149 1236 1220 1276 sed
1248 1235 1477 1276 uniuersum
1510 1237 1616 1278 adfe-

177 1312 307 1346 ctuum
335 1311 489 1346 coetum
522 1303 711 1358 relinquis
735 1318 822 1344 cum
854 1318 930 1358 quo
956 1304 1215 1344 conluctatur.
1276 1301 1359 1345 Sed
1380 1302 1506 1344 omnis
1529 1304 1615 1359 plus

176 1379 306 1428 potest
324 1372 500 1427 quamuis
526 1371 779 1414 mediocrium
805 1371 919 1414 turba
941 1385 1055 1426 quam
1080 1377 1215 1426 posset
1239 1370 1354 1413 unius
1375 1371 1508 1425 magni
1533 1371 1617 1415 uio-

175 1440 311 1482 lentia.
374 1439 506 1482 Habet
521 1439 709 1495 pecuniae
733 1439 982 1495 cupiditatem
997 1470 1009 1491 ‚
1042 1439 1111 1480 sed
1131 1438 1337 1484 modicam.
1398 1438 1514 1482 habet
1533 1453 1615 1497 am·

174 1509 388 1560 bitionem,
422 1509 491 1549 sed
509 1522 587 1548 non
612 1507 861 1548 concitatam.
923 1507 1040 1548 habet
1063 1507 1323 1558 iracundiam,
1356 1506 1426 1549 sed
1443 1506 1614 1562 placabi⁴

175 1577 268 1617 lem.
330 1576 446 1616 habet
465 1575 784 1626 inconstantiam,
818 1575 887 1615 sed
909 1575 1037 1615 minus
1061 1588 1200 1628 uagam
1219 1588 1267 1614 ac
1287 1570 1495 1615 mobilem
1544 1575 1614 1617 ha·

142 1650 159 1677 7
176 1644 244 1685 bet
258 1644 471 1695 libidinem,
504 1657 583 1683 non
601 1642 794 1683 insanam.
854 1640 1000 1683 Melius
1023 1656 1107 1690 cum
1127 1642 1192 1681 illo
1210 1648 1396 1696 ageretur
1411 1642 1476 1695 qui
1494 1656 1613 1684 unum

174 1712 313 1753 uitium
337 1712 531 1766 integrum
558 1710 720 1751 haberet
743 1724 856 1764 quam
881 1724 967 1750 cum
986 1723 1032 1750 eo
1058 1709 1123 1763 qui
1145 1708 1295 1749 leuiora
1317 1708 1470 1763 quidem
1485 1740 1496 1760 ‚
1542 1711 1612 1752 sed

174 1780 317 1821 omnia.
377 1777 533 1820 Deinde
559 1778 654 1818 nihil
674 1778 840 1818 interest
862 1791 975 1832 quam
994 1790 1158 1831 maguus
1182 1776 1235 1818 sit
1257 1776 1457 1818 adfectus:
1490 1791 1611 1832 quan-

173 1860 229 1891 da
242 1871 272 1891 s.
318 1861 364 1891 At
386 1857 504 1902 reliqui
522 1857 598 1889 libri
622 1868 736 1888 omnes
754 1869 787 1887 ω
802 1881 810 1896 ,
837 1862 871 1888 et
909 1855 940 1900 s

172 1904 281 1944 facile,
307 1904 397 1948 quod
414 1909 530 1935 monet
550 1902 679 1942 Ruhk„
706 1913 746 1935 ex
767 1913 870 1946 supe—

170 1948 311 1982 rioribus
338 1949 512 1993 suppletur
538 1949 695 1993 sapiens.
765 1946 869 1991 Arg.b

168 2010 216 2023 =
224 1995 315 2039 fluct
326 2006 349 2026 ιι
359 2007 393 2026 ιη
427 2005 612 2039 suspensa.
682 1993 725 2025 Pr
735 2007 780 2020 =
792 1995 869 2025 tin-

168 2053 229 2092 gf‘
241 2049 324 2073 eret.
395 2039 499 2086 Arg.b
513 2040 608 2076 Ἀρί.
620 2041 655 2078 2.
670 2053 717 2070 ,Ξ
738 2041 767 2081 Q
777 2050 800 2070 u
813 2051 833 2071 ο
844 2039 869 2071 d

169 2099 202 2119 sc
226 2098 364 2119 sanum.

212 2131 244 2162 5.
271 2132 296 2162 P
309 2146 355 2158 =
368 2130 544 2174 apirian.
579 2141 626 2162 rw
639 2140 676 2172 pp
688 2144 734 2160 =
745 2129 866 2174 apri-

775 2185 865 2205 ssa

168 2187 227 2207 na.
278 2175 368 2210 Gmt
390 2190 436 2202 =
456 2186 479 2206 a
506 2176 673 2221 primu.

161 2222 302 2267 priva.
353 2219 422 2251 Col.
446 2219 518 2253 rell.
535 2220 654 2257 fflv-
671 2220 704 2257 Ε
721 2231 772 2250 ω.

211 2267 247 2301 θ(
258 2285 299 2291 -
311 2267 343 2300 z
354 2280 400 2292 =
413 2265 478 2296 sed
502 2277 520 2296 e
532 2276 552 2295 ν
563 2266 794 2296 uenationem.

214 2312 333 2348 (5510—
347 2311 468 2344 wo:
481 2309 576 2341 Nam
596 2310 630 2341 si
652 2308 728 2343 ulla
764 2307 863 2341 sint

167 2363 283 2389 contra
313 2361 429 2388 mstos.
499 2366 516 2386 1·
527 2369 574 2381 =
591 2365 687 2385 cresc
696 2365 719 2386 u
730 2364 753 2386 n
764 2361 788 2385 t.

213 2401 314 2445 Οζξῖφ
333 2416 379 2428 =
401 2403 415 2432 i
425 2409 440 2432 t
450 2412 468 2432 e
479 2412 499 2432 r
511 2411 533 2431 u
544 2411 578 2430 m
601 2399 806 2444 impedient.
844 2410 861 2432 0

163 2462 210 2476 ==
220 2449 234 2480 i
244 2456 258 2479 t
268 2460 287 2479 e
296 2459 315 2478 r
339 2446 542 2491 impedient.

209 2490 241 2525 6.
268 2491 388 2536 G(soe)
415 2498 572 2523 torrente
598 2489 789 2534 quadam.

202 2539 315 2573 §it—z
327 2539 390 2574 (32.
400 2553 447 2561 —·
458 2537 526 2574 ³231.
535 2553 582 2559 —
591 2533 770 2580 adfectum
782 2540 859 2577 post

163 2596 282 2617 unum.
329 2583 353 2615 P
371 2597 418 2610 =
434 2593 502 2614 non
530 2591 637 2613 unum
667 2579 856 2624 adfectum,

162 2629 228 2662 sed
271 2629 335 2660 uni
339 2639 475 2660 versum
509 2624 711 2671 adfectuum
723 2650 731 2665 ,
774 2637 791 2657 s
802 2637 820 2657 e
832 2625 857 2656 d

162 2686 240 2707 cum
260 2685 325 2719 quo
344 2674 561 2706 conlaetetur
578 2670 649 2703 rell.
674 2682 738 2703 om.
769 2673 854 2716 τγδη

163 2721 325 2763 θνοσφε
339 2731 416 2752 cum
435 2718 495 2751 illi
524 2728 592 2749 non
624 2727 703 2749 unu
714 2728 732 2748 s
762 2716 854 2759 asle-

160 2774 257 2798 ctus
279 2777 297 2796 s
311 2766 347 2796 ἱι
370 2776 446 2796 cum
468 2776 534 2809 quo
553 2763 759 2795 colluctetur
780 2760 852 2796 rell.

159 2822 226 2845 om.
265 2809 429 2853 GwArg.b
442 2825 486 2838 =
499 2809 556 2842 illi
575 2818 645 2841 non
665 2818 770 2840 unum
791 2806 854 2852 af—

935 1865 1047 1888 ectum
1059 1881 1067 1894 ‚
1102 1856 1166 1887 sed
1195 1867 1273 1887 cum
1301 1867 1368 1900 quo
1404 1855 1611 1892 colluctetur

916 1901 988 1934 rell.
1014 1912 1078 1933 om.
1101 1899 1288 1933 P1.=1lli
1316 1911 1385 1933 non
1417 1913 1523 1933 uuum
1545 1900 1608 1946 af-

906 1946 1066 1991 sectum,
1102 1947 1166 1979 sed
1189 1959 1266 1979 cum
1291 1957 1357 1991 quo
1386 1948 1604 1981 reluctetur.

917 1993 958 2039 (R
969 2007 1013 2020 =
1030 2005 1063 2022 ω
1080 2005 1098 2024 ν
1108 2005 1126 2024 ε
1136 1991 1368 2034 colluctetur).
1414 1990 1475 2024 1³3.
1490 2007 1535 2023 -ε
1548 1993 1607 2027 illi

914 2050 983 2070 non
1001 2050 1106 2069 unum
1128 2037 1294 2080 affectum
1314 2048 1391 2069 cum
1411 2049 1478 2082 quo
1493 2037 1606 2070 collu-

913 2091 1027 2115 ctetur
1046 2082 1118 2115 rell.
1141 2094 1206 2115 om.
1253 2079 1312 2118 1³4.
1333 2097 1378 2112 =
1397 2093 1467 2114 non
1498 2094 1606 2117 unum

912 2128 1078 2171 affectum
1101 2128 1201 2167 des,
1228 2127 1292 2158 sed
1319 2138 1412 2158 eum
1435 2138 1511 2158 cum
1537 2138 1605 2172 quo

911 2173 1126 2205 colluctetur.
1178 2172 1273 2203 Grut.
1294 2170 1333 2203 ci.
1346 2183 1472 2203 =n0n
1496 2183 1603 2205 unum

910 2218 935 2250 d
945 2229 991 2249 es
1014 2217 1179 2260 affectum
1208 2228 1284 2248 cum
1309 2228 1377 2261 quo
1396 2216 1602 2250 colluctetur

908 2261 980 2294 rell.
1000 2273 1064 2294 om.
1111 2261 1197 2293 Rell.
1214 2275 1264 2293 ω.

954 2308 1026 2339 Sed
1058 2308 1171 2339 omnis
1204 2308 1288 2353 plus
1318 2315 1436 2352 potest
1456 2322 1501 2335 =
1521 2319 1598 2341 mss.

908 2351 1008 2384 etiam
1041 2353 1099 2384 Gr.
1119 2353 1183 2387 '1131
1202 2372 1245 2377 —
1267 2354 1352 2388 ΘΕ.
1420 2353 1520 2388 {W—
1535 2355 1601 2389 ⁵22?ss

905 2414 952 2422 ·—-
967 2398 1038 2429 Sed
1070 2398 1194 2429 omnis.
1263 2399 1367 2433 ⁵211—-
1373 2406 1496 2445 posset
1523 2405 1602 2431 ante

906 2443 1012 2475 unius
1056 2444 1192 2489 magni.
1250 2443 1354 2486 Arg.b
1375 2458 1422 2471 =
1447 2445 1599 2477 minus

905 2489 1040 2534 magni.
1110 2489 1128 2520 1³
1138 2504 1183 2516 =
1191 2500 1210 2521 s
1221 2489 1235 2520 i
1252 2487 1475 2533 placabilem.

951 2546 1020 2566 non
1045 2534 1150 2567 insan
1162 2546 1229 2566 am
1244 2548 1289 2561 =
1306 2534 1376 2575 Ρμν
1394 2533 1448 2565 alii
1468 2545 1505 2576 pp
1528 2533 1594 2567 duo

905 2581 982 2623 Ops.
997 2580 1075 2613 mG.
1130 2579 1280 2611 Ambian.
1295 2578 1359 2613 X&
1375 2583 1409 2618 -ί-
1426 2579 1505 2611 sed
1525 2590 1596 2611 non

904 2626 1080 2658 insanam.
1105 2637 1175 2657 r=
1189 2625 1266 2658 sed
1288 2634 1358 2657 non
1376 2625 1592 2657 insaniam.

903 2671 1028 2705 GwRffl
1039 2689 1085 2695 ··-
1096 2671 1160 2705 ’Βῒα
1170 2685 1215 2698 =
1225 2680 1296 2702 non
1318 2669 1425 2702 insan
1435 2670 1450 2701 i
1460 2681 1482 2702 a
1493 2681 1539 2702 m.

945 2714 978 2749 7.
1003 2728 1021 2748 r
1035 2720 1070 2754 -1-
1089 2716 1222 2749 Melius
1243 2722 1395 2747 autem
1417 2727 1492 2747 cum
1515 2715 1590 2749 illo.

899 2773 1070 2794 w=cum
1106 2773 1165 2797 eo.
1245 2760 1276 2792 G
1301 2763 1336 2801 -ἰ-
1362 2761 1427 2797 sed
1462 2761 1590 2797 levia

899 2807 1029 2843 omnia.
