1742 3094
710 232 1002 273 PRAEFATIO.
1524 231 1576 270 lx

143 347 309 404 optimos
330 345 452 387 libros
472 358 562 387 esse
584 344 775 386 imitatum
807 345 913 386 inter
935 358 981 386 se
1007 345 1234 400 plerumque
1259 343 1569 384 consentientes.

140 424 314 467 Eosdem
331 437 418 466 sum
435 431 595 465 secutus
613 423 654 464 in
677 424 895 465 scribendis
919 423 1098 474 vocibus,
1131 423 1186 463 ita
1211 429 1358 472 umen,
1391 428 1433 462 ut
1452 421 1571 462 ratio-

140 516 230 545 nem
258 503 441 545 haberem
470 501 764 558 inscriptionum
789 502 893 544 illius
918 502 1084 553 aetatis,
1115 514 1189 542 nec
1211 514 1291 540 non
1323 499 1570 540 consulerem
1623 551 1626 555 ¹

138 581 413 637 grammaticos
434 588 609 622 veteres.
651 579 802 622 Horum
823 587 956 622 tamen
976 579 1197 622 auctoritati
1220 591 1316 619 eave
1337 590 1388 618 ne
1409 577 1568 617 nimium

137 659 312 711 tribuas,
341 666 386 700 nt
410 659 475 714 qui
501 673 620 714 saepe
644 657 748 700 inter
774 673 819 700 se
851 665 968 714 atque
989 673 1014 700 a
1039 656 1274 699 membranis
1300 655 1568 711 lapidibusque

137 737 397 797 dissentiant:
424 737 543 779 immo
565 751 665 792 quae
681 738 736 778 illi
755 738 953 789 damnant,
977 737 1093 779 simul
1109 736 1251 776 (locent
1267 734 1409 776 usitata
1427 733 1563 774 fuisse.

135 815 226 857 Nee
255 816 485 871 scriptorem
506 822 683 857 veterem
718 816 871 857 edituro
901 816 940 856 id
966 815 1219 870 spectandum
1251 819 1334 864 est,
1373 811 1567 866 quomodo

136 906 190 935 ex
217 907 289 935 sna
321 894 499 948 quodque
536 893 689 947 origine
723 894 775 933 sit
804 893 1034 934 vocabulum
1062 891 1335 942 scribendum,
1367 890 1437 931 sed
1469 902 1567 944 quae

136 970 255 1011 fuerit
280 970 484 1025 scriptoris
505 971 762 1011 cousuetudo.
822 970 911 1010 Hac
929 971 977 1011 de
998 983 1043 1010 re
1065 969 1263 1024 copiosius
1292 982 1378 1009 sum
1406 974 1567 1008 acturus

135 1047 325 1102 singulari
346 1047 607 1102 disputatione
627 1047 814 1088 volumini
837 1054 976 1102 quarto
1002 1047 1239 1088 inserenda:
1272 1046 1436 1086 eandem
1461 1044 1566 1085 enim

135 1140 293 1183 oporam
314 1125 493 1167 omnibus
510 1125 765 1180 scriptoribus
782 1126 950 1180 antiquis
970 1125 1184 1167 navandam
1208 1137 1299 1165 esse
1317 1130 1427 1179 puto,
1448 1136 1564 1178 quam

135 1217 261 1261 nuper
278 1203 501 1259 invirgilio
519 1204 681 1259 egregie
701 1203 831 1260 posuit
849 1203 903 1245 G.
917 1202 966 1245 P.
979 1203 1032 1244 E.
1046 1202 1233 1258 Wagner
1250 1217 1292 1243 v.
1307 1202 1359 1243 cl.
1385 1199 1455 1257 (P.
1468 1199 1564 1243 Vir-

134 1268 530 1338 331.Mar‹3.v01.v.
562 1280 676 1338 Lips.
704 1283 847 1337 1841).
879 1281 925 1323 ln
945 1280 1228 1336 distinguendis
1247 1279 1453 1321 sententiis
1471 1291 1563 1319 ver-

134 1360 271 1414 hisque
285 1361 323 1401 id
343 1360 493 1411 curavi,
515 1373 565 1400 ne
580 1360 729 1401 maiore
745 1361 944 1415 signorum
963 1373 1126 1400 numero
1139 1359 1419 1399 dilaceraretur
1433 1357 1565 1412 potius

136 1438 263 1479 oratio
283 1451 397 1492 quam
416 1438 784 1493 intcipungeretur:
816 1438 851 1478 si
872 1445 1002 1478 tamen
1037 1451 1116 1478 non
1143 1436 1284 1491 ubique
1318 1442 1561 1477 constantem

133 1515 208 1557 sibi
233 1515 536 1571 deprehenderis
553 1515 745 1556 rationem
765 1528 891 1556 meam
905 1546 917 1567 ‚
949 1515 990 1555 in
1015 1515 1130 1556 huius
1148 1514 1208 1556 rei
1228 1513 1450 1554 difficultate
1473 1526 1564 1553 cau·

133 1604 217 1635 san
239 1606 331 1635 esse
350 1593 513 1649 positam
536 1592 806 1634 arbitraberis.
867 1592 983 1647 Quod
1008 1594 1057 1635 ab
1071 1594 1114 1647 *)
1139 1592 1350 1647 Epistulis
1375 1590 1565 1632 Morali-

133 1671 210 1713 bns
235 1671 388 1712 initium
418 1672 495 1713 feci
524 1678 661 1713 contra
690 1672 887 1726 vulgatam
921 1671 1242 1712 consuetudinem
1256 1702 1268 1722 ‚
1306 1669 1562 1725 gravissimae

134 1750 226 1790 snn't
256 1749 591 1804 suavissimaeque
627 1756 667 1790 et
702 1750 780 1790 iam
810 1749 901 1790 olim
932 1756 1022 1790 ante
1055 1749 1207 1803 reliqua
1233 1746 1414 1790 Senecae
1444 1759 1562 1801 opera

133 1826 269 1868 formis
297 1828 546 1882 exscriptae:
576 1834 693 1881 atque
718 1827 975 1882 suppetebant
1004 1828 1120 1868 etiam
1149 1833 1307 1882 praeter
1334 1831 1562 1866 contextum

133 1914 158 1945 a
178 1902 559 1959 Schweighaeusero
575 1905 706 1945 multis
728 1905 826 1945 locis
851 1912 1072 1946 correctum
1093 1905 1239 1946 auxilia
1260 1905 1370 1959 plura
1387 1911 1429 1944 et
1447 1916 1560 1957 prae·

136 1982 327 2022 stantior-a
363 1995 478 2034 quam
513 1982 554 2021 in
584 1981 727 2021 ceteris
755 1981 935 2034 scriptis„
987 1980 1408 2034 Schweighaeuser-um
1445 1980 1565 2032 igitur

135 2064 295 2098 secutus
312 2056 362 2097 ab
380 2056 493 2097 initio
512 2057 600 2097 libri
624 2070 673 2097 ea
693 2063 839 2097 tantum
857 2057 1051 2108 iudicavi,
1083 2058 1223 2112 quibus
1248 2057 1344 2098 haec
1371 2057 1490 2098 editio
1515 2056 1564 2097 ab

135 2134 202 2176 issa
221 2134 438 2189 discrepat:
469 2148 564 2175 mox
585 2141 722 2175 tamen
744 2135 983 2175 commodius
1013 2135 1086 2176 hoe
1114 2149 1206 2176 esse
1234 2135 1447 2176 arbitratus
1477 2147 1564 2175 eam

137 2212 279 2266 ubique
297 2212 466 2253 laudavi.
510 2211 643 2253 Tanta
665 2218 792 2252 autem
814 2210 1286 2267 suntSchweighaeuseri
1310 2213 1352 2252 iu
1371 2209 1564 2253 Senecam

137 2289 302 2340 merita,
344 2295 455 2330 tanta
477 2303 565 2331 mea
597 2289 639 2329 in
670 2289 799 2330 virum
830 2289 1030 2344 egregium
1054 2291 1200 2345 pietas,
1233 2297 1277 2331 ut
1304 2304 1383 2331 nou
1413 2290 1564 2330 minore

227 2433 261 2475 Ἴ
284 2434 383 2465 Hunc
403 2431 536 2465 titulum
555 2431 623 2464 iam
643 2433 827 2476 Schweigh.
849 2433 1012 2475 restitnit,
1046 2441 1280 2479 praeterquam
1311 2434 1402 2478 quod
1433 2434 1566 2477 scripsit

142 2498 344 2544 Epi-nolae
364 2505 478 2530 eontra
499 2499 737 2532 vetustissimos
760 2500 864 2532 libros
886 2503 1076 2543 Argentor„
1100 2501 1285 2544 Bamberg.,
1308 2499 1446 2532 Pariss.:
1480 2500 1566 2542 legi-

140 2571 196 2597 tur
221 2563 309 2596 enim
343 2563 432 2607 apud
463 2564 606 2597 Gellium
635 2566 679 2597 N.
701 2569 741 2598 A,
762 2567 832 2599 XII
841 2591 850 2606 ,
871 2565 905 2599 2.
930 2573 965 2598 et
997 2567 1032 2598 in
1064 2566 1162 2599 codd.
1186 2569 1343 2610 Argent..
1382 2566 1565 2609 Bamberg.,

140 2630 282 2673 Rehdig.
294 2643 329 2670 r,
354 2629 486 2673 Erlang.
498 2655 507 2669 ,
530 2641 593 2662 nee
620 2632 758 2665 multum
776 2632 936 2666 differunt
953 2634 1027 2666 Par.
1046 2630 1147 2665 8658.
1168 2639 1203 2665 et
1226 2633 1378 2665 Nox-imb.
1393 2659 1402 2673 ,
1427 2644 1567 2677 quorum

140 2696 196 2729 hic
213 2703 313 2729 vocat
335 2696 508 2742 epistolas
533 2697 733 2730 litterarum
754 2700 961 2742 moralium,
998 2699 1055 2731 ille
1074 2701 1236 2733 Litteras
1257 2699 1430 2734 Morales.
1477 2698 1568 2731 Alius

140 2762 242 2796 Paris.
266 2763 330 2806 (St.
351 2763 464 2796 Germ.
489 2759 600 2805 ΗἨ.)
624 2761 707 2795 dicit
723 2764 867 2798 Librum
888 2765 1092 2799 Moralium.
