1742 3094
177 205 262 249 694
636 206 680 246 L.
712 205 909 246 ANNAEI
939 204 1170 246 SENECAE

182 331 331 373 gorque
374 317 552 360 celabat:
599 318 696 360 haec
732 317 1075 360 dissimulauimus.
1143 314 1301 358 Natura
1333 314 1441 357 iubet
1475 327 1621 370 augere

183 386 387 428 laudanda.
449 400 566 428 nemo
596 400 676 428 non
704 386 869 441 gloriam
894 386 996 427 ultra
1027 398 1166 427 uerum
1199 384 1310 426 tulitt
1356 397 1412 426 ex
1439 383 1499 425 his
1525 396 1622 438 ergo

188 454 358 509 speciem
383 454 556 509 ingentis
581 454 674 495 honi
700 454 907 495 traximus.
966 452 1174 495 Fabricius
1194 451 1340 508 Pyrrhi
1361 451 1469 506 regis
1487 464 1625 492 aurum

187 522 330 578 repulit
350 522 700 577 maiusque‘regno
721 522 907 562 iudicauit
934 521 1067 576 regias
1088 534 1182 576 opes
1207 533 1324 576 posse
1354 526 1624 561 contemnere.

188 587 297 630 Idem
325 590 475 631 medico
495 588 639 646 Pyrrhi
667 589 918 645 promittente
945 602 1140 630 uenenum
1161 602 1206 630 se
1224 587 1312 643 regi
1334 587 1513 628 daturum
1543 599 1628 627 mo-

156 671 174 697 0
191 657 276 697 nuit
294 655 491 713 Pyrrhum
528 664 690 699 caueret
721 657 900 698 insidias.
958 655 1147 697 Eiusdem
1174 655 1294 696 animi
1323 655 1396 696 fuit
1422 667 1518 695 auro
1548 666 1628 694 non

189 725 319 776 uinci,
365 739 521 766 ueneno
553 739 633 766 non
658 725 836 766 uincere.
895 722 1090 765 Admirati
1114 736 1249 764 sumus
1273 722 1474 777 ingentem
1501 721 1627 762 uirum

190 806 304 846 quem
328 806 409 834 non
431 792 565 847 regis,
609 807 688 834 non
718 798 855 834 contra
883 805 1018 847 regem
1048 789 1240 846 promissa
1259 789 1492 840 flexissent,
1536 786 1630 828 boni
1682 782 1687 786 ’
1740 776 1742 785 ’

190 860 362 915 exempli
392 867 570 902 tenacem
585 892 598 913 ‚
643 860 744 915 quod
767 859 1026 901 difficillimum
1051 865 1137 910 est,
1177 857 1219 898 in
1238 857 1341 898 hello
1360 856 1628 897 innocentem.

190 927 255 981 qui
280 928 435 983 aliquod
456 942 547 970 esse
579 929 759 969 erederet
789 927 905 968 etiam
925 926 967 967 in
991 926 1122 967 hostes
1146 925 1274 966 nefas.
1333 923 1397 979 qui
1417 923 1458 964 in
1482 935 1633 964 summa

191 1002 418 1050 paupertate
456 1010 570 1051 quam
600 996 676 1037 sibi
706 995 824 1036 decus
862 996 1013 1036 fecerat
1040 1008 1120 1035 nou
1148 993 1263 1034 aliter
1303 991 1449 1046 refugit
1476 989 1633 1031 diuitias

194 1077 308 1117 quam
333 1077 544 1105 uenenum.
615 1064 748 1115 Uiue,
789 1063 940 1117 inquit,
981 1060 1187 1116 bmzeficio
1206 1073 1325 1111 meo,
1366 1057 1563 1114 Pyrrhe,
1592 1061 1635 1098 et

190 1131 337 1185 gaude
357 1132 473 1186 quod
495 1131 635 1173 adhuc
655 1130 835 1173 dolebas
864 1129 1107 1171 Fabricium
1134 1141 1222 1170 non
1246 1140 1380 1183 posse
1394 1125 1632 1179 cmv-umpi.

162 1208 178 1234 ἰ·
196 1197 386 1240 Horatius
413 1196 557 1240 Cocles
578 1200 685 1240 solus
706 1197 870 1254 inpleuit
891 1197 1020 1253 pontis
1045 1196 1245 1252 angustias
1263 1194 1457 1249 adimique
1475 1207 1499 1234 a
1520 1200 1634 1248 tergo

194 1266 268 1307 sibi
290 1267 457 1307 reditum
472 1298 484 1319 ‚
528 1267 734 1308 dummodo
756 1266 834 1307 iter
853 1265 955 1306 hosti
977 1265 1224 1315 auferretur,
1269 1261 1384 1303 iussit
1409 1268 1449 1302 et
1468 1261 1547 1302 iam
1569 1260 1634 1302 diu

194 1334 462 1389 prementibus
495 1334 666 1385 restitit,
714 1334 838 1374 donec
867 1332 1028 1374 reuulsa
1050 1331 1201 1386 ingenti
1225 1330 1338 1371 ruina
1366 1330 1473 1384 tigna
1490 1342 1636 1370 sonue-

194 1409 300 1442 runt.
361 1400 577 1457 Postquam
597 1401 777 1456 respexit
802 1408 844 1442 et
863 1407 980 1442 extra
1002 1399 1213 1456 periculum
1235 1411 1324 1439 esse
1344 1396 1508 1453 patriam
1532 1396 1635 1452 peri-

197 1469 286 1510 culo
320 1483 392 1510 suo
424 1470 574 1511 sensit:
626 1469 807 1520 Umtiat,
849 1469 1007 1524 siquis
1032 1467 1152 1518 uult,
1192 1465 1340 1521 inquit,
1383 1465 1448 1506 sic
1470 1468 1636 1506 euntem

163 1551 180 1577 8
196 1537 342 1592 sequi,
385 1537 554 1592 iecitque
577 1551 621 1578 se
644 1537 685 1578 in
708 1551 912 1592 praeceps.
974 1543 1015 1577 et
1036 1549 1117 1577 non
1136 1534 1265 1575 minus
1296 1532 1487 1574 sollicitus
1504 1531 1548 1573 in
1567 1531 1637 1573 ino

941 1626 1106 1658 reditum.
1145 1625 1175 1659 ’ὶί
1185 1638 1232 1652 =
1244 1635 1268 1656 a
1278 1623 1303 1655 d
1312 1622 1418 1655 emit
1441 1633 1529 1667 ergo
1551 1621 1636 1654 adi-

941 1672 1055 1716 mique
1077 1668 1147 1702 sibi
1167 1678 1270 1713 tergo
1297 1668 1460 1701 reditum.
1507 1668 1532 1698 B
1545 1666 1634 1711 (sm)

940 1732 986 1744 =
999 1716 1147 1748 flammo
1171 1715 1250 1746 iter.
1299 1713 1330 1745 G
1349 1727 1396 1740 =
1414 1712 1546 1744 inter
1568 1711 1635 1744 ho-

942 1771 976 1795 st
988 1763 1000 1794 i
1009 1773 1031 1792 ιι
1042 1772 1075 1792 ιη
1099 1758 1331 1804 offerretur.
1377 1757 1492 1800 γζοφψ
1507 1771 1552 1784 =
1567 1768 1636 1790 au-

195 1627 229 1660 {R
242 1643 289 1650 --
298 1627 331 1661 2⁵8
342 1626 478 1672 =fact
489 1638 511 1658 a
532 1624 734 1671 fulgorque.
773 1627 818 1663 &1
827 1651 837 1661 .
849 1641 895 1654 ·---

186 1670 287 1715 sict
298 1683 322 1703 a
340 1671 545 1717 fulgorque.
581 1672 615 1706 θί
626 1690 668 1696 --
681 1673 713 1705 >B
729 1675 763 1709 -Ι-
780 1683 833 1716 qu
844 1683 866 1703 a
877 1683 896 1703 e

195 1724 330 1749 natura
361 1718 466 1750 iubet.
513 1717 548 1752 {R
572 1735 615 1740 —
636 1717 707 1754 (52.
730 1731 776 1744 =
797 1717 896 1748 ultra

195 1773 214 1793 r
226 1770 374 1794 ectum
397 1762 492 1796 tulit.
539 1772 614 1795 0'=
626 1762 725 1794 ultra
741 1772 851 1793 reru
864 1772 896 1792 m

197 1815 420 1839 naturam
444 1807 539 1840 tulit.
586 1805 646 1838 Pl.
670 1804 702 1839 4.
724 1821 771 1834 =
797 1807 897 1839 ultra
933 1807 1087 1852 ferret.
1135 1805 1208 1841 ΕΞΙ.
1228 1821 1275 1828 ·-
1297 1805 1330 1838 (5
1353 1817 1400 1831 =
1423 1800 1636 1845 auferetur.

198 1864 244 1885 re
255 1864 273 1884 r
283 1865 306 1885 u
317 1865 351 1885 m
373 1853 466 1885 tulit.
495 1851 567 1884 Col.
581 1866 627 1878 =
638 1852 737 1884 ultra
757 1863 780 1883 n
793 1863 816 1883 α
827 1860 840 1883 ι
851 1864 895 1884 u-
942 1851 999 1885 Πτ
1012 1851 1078 1894 (cr.
1095 1862 1129 1880 ω
1177 1864 1224 1877 ==
1244 1847 1479 1892 offerretur.
1539 1858 1562 1881 κ
1588 1860 1637 1877 -.-..-

197 1910 216 1929 ν
226 1909 249 1930 α
260 1909 295 1930 m
325 1898 421 1931 tulit.
479 1898 530 1938 ssu
550 1912 595 1924 =
616 1897 714 1929 ultra
756 1908 818 1929 rer
828 1909 850 1928 a
863 1909 895 1928 m
941 1898 964 1930 d
976 1898 988 1928 i
988 1894 1196 1942 fferretur.

986 1951 1020 1974 et
1044 1942 1058 1972 ι’
1068 1953 1091 1973 a
1101 1953 1135 1972 m
1158 1941 1220 1972 dia
1238 1936 1480 1983 prementibus
1502 1937 1637 1970 restitit

939 2002 985 2015 z
995 1986 1091 2019 BHu.
1147 1985 1230 2030 ΒΖβ
1236 1985 1370 2024 ιζιλοτῑσν.»
1383 1982 1483 2027 (sm.)
1494 1993 1521 2025 φ
1530 1981 1588 2015 Ρ2.
1596 1979 1634 2016 ,3.

943 2032 1011 2064 Col.
1024 2047 1071 2059 =
1082 2044 1100 2064 e
1111 2039 1125 2069 t
1135 2031 1183 2062 ia
1194 2043 1229 2062 m.
1246 2030 1310 2063 diu
1316 2027 1557 2074 prementibus
1575 2039 1638 2061 re-

941 2078 1068 2110 sisti.
1118 2074 1242 2108 GhPl.
1258 2089 1305 2103 =
1327 2074 1471 2109 etiam
1493 2073 1556 2105 diu
1575 2084 1636 2105 re-

197 1943 293 1976 tulit.
339 1942 459 1987 lusce)
478 1941 537 1975 P3.
554 1942 641 1986 (sm)
656 1959 699 1971 =
712 1942 810 1974 ultra
832 1955 894 1974 ve-

195 2000 276 2021 rum
304 1989 415 2020 vult.
466 1987 549 2019 Reli.
579 1988 678 2020 etiam
699 1987 788 2020 Piuc.
815 1999 846 2019 v.
870 1987 893 2019 l.

197 2034 257 2066 P2.
275 2046 327 2064 ω.
373 2033 402 2065 R
416 2034 475 2077 (cr.
490 2033 542 2075 ω)
557 2049 604 2061 =
623 2034 784 2078 in‘gentis
814 2033 896 2068 boni

197 2078 471 2111 subtraximus.
521 2078 550 2110 G
570 2094 615 2107 =
639 2079 790 2123 ingenti
814 2078 897 2110 boni

197 2132 257 2156 tra
267 2123 402 2156 himas.
460 2125 486 2156 B
505 2139 550 2152 =
572 2124 764 2169 reppulit.
810 2124 838 2155 R
855 2134 893 2166 ρρ

199 2170 283 2210 (exc.
297 2181 320 2213 χ
334 2168 385 2212 ω)
399 2185 444 2197 =
457 2181 563 2202 caver
574 2182 592 2201 e
612 2169 782 2202 zrtsidias.

241 2233 275 2267 6.
302 2248 401 2270 t=a
416 2248 499 2269 uro
523 2248 591 2269 non
612 2237 762 2268 vincere.
809 2236 894 2269 ’ΚΞ

197 2291 333 2313 veneno
365 2293 434 2313 non
466 2283 589 2314 vinci.
637 2283 662 2313 B
683 2280 784 2312 habet
821 2281 835 2311 i
859 2280 894 2311 in

198 2326 350 2371 exempli
379 2338 515 2358 erasam.
563 2327 592 2358 R
605 2325 664 2358 P3.
682 2329 716 2363 4
735 2334 776 2356 et
802 2324 895 2369 quod

198 2370 454 2416 difficillimum
478 2379 541 2403 est.
590 2371 724 2413 G‘chass
741 2369 896 2413 X=qui

198 2417 272 2460 aliq
285 2417 330 2448 ui
340 2415 365 2448 d
397 2427 475 2448 esse
506 2416 544 2459 [σ
558 2433 598 2439 —·
610 2414 701 2458 esse]
735 2414 895 2447 crederet

202 2461 239 2505 (5
257 2476 303 2489 =
323 2460 561 2503 crederent).
607 2460 663 2503 Βφ
683 2475 729 2487 =
753 2461 790 2492 in
828 2459 894 2491 ho-

199 2515 308 2539 stem
341 2505 457 2551 nefas.
516 2506 534 2539 λ
555 2520 600 2532 2:
623 2504 728 2549 nefas
762 2506 798 2537 in
829 2504 894 2536 Ιιο-

198 2560 318 2584 stem.
356 2552 511 2588 z—ffil.
525 2565 571 2578 =
585 2550 623 2582 in
645 2551 754 2582 hosce
777 2549 892 2594 nefas.

199 2598 265 2634 OEQ.
282 2615 326 2621 —-
345 2598 401 2633 22.
426 2597 477 2638 3¹1
498 2611 543 2624 =
563 2607 651 2641 qua
688 2594 757 2628 sibi
788 2595 895 2628 decus

200 2648 317 2674 contra
339 2648 444 2674 mstos
467 2641 569 2674 etiam
594 2640 651 2673 Gr.

242 2707 274 2742 7.
301 2709 419 2741 BG=
437 2709 614 2742 Horatius
641 2707 816 2740 Cochles.
864 2708 894 2739 G

197 2769 243 2782 ==
255 2754 353 2786 adim
363 2756 377 2788 i
386 2763 402 2787 t
435 2766 476 2787 ue
495 2766 518 2787 a
539 2762 653 2798 tergo.
690 2753 894 2796 Ζγεζλσυχῲ

198 2797 300 2831 P1.2.
313 2796 347 2832 3.
363 2799 411 2832 Co
427 2815 492 2831 .=
505 2799 749 2844 ademitque
773 2810 796 2831 a
817 2806 892 2830 ter-

198 2856 256 2888 go.
304 2855 377 2879 ιοπτ
389 2845 489 2889 (ss-m.)
516 2860 560 2873 =
580 2844 747 2877 ademit
782 2855 894 2888 ergo

940 2124 1003 2155 stit
1016 2123 1088 2154 uit
1106 2118 1358 2166 prementtbus.
1403 2130 1423 2152 τ
1441 2133 1487 2146 =
1506 2125 1542 2150 et
1573 2117 1637 2150 diu

939 2169 1054 2200 resist
1066 2168 1080 2198 i
1110 2164 1361 2211 prementibus.
1409 2164 1484 2205 αηψ
1493 2177 1540 2190 --·
1554 2162 1636 2195 ius-

941 2214 989 2246 sit
1011 2220 1044 2244 et
1065 2211 1127 2243 eliu
1146 2210 1291 2243 restitit.
1328 2209 1459 2243 X=et
1480 2208 1552 2239 iam
1570 2206 1635 2239 diu

941 2259 964 2289 Ιι
975 2269 995 2290 ο
1007 2268 1025 2289 s
1035 2257 1074 2290 ti
1083 2255 1103 2287 b
1111 2267 1133 2287 u
1142 2267 1160 2287 s
1191 2253 1429 2299 prementibus
1461 2264 1520 2285 res
1529 2253 1545 2284 i
1554 2252 1632 2284 stit.

940 2303 974 2336 {R
996 2320 1039 2324 —
1060 2302 1088 2334 (Ξ
1104 2304 1132 2336 l.
1156 2314 1202 2327 =
1226 2299 1322 2330 etia
1335 2310 1369 2330 m
1399 2298 1463 2330 dia
1498 2297 1634 2330 restitit

937 2344 1187 2391 prementibus.
1235 2345 1260 2378 P
1269 2343 1301 2376 4.
1324 2344 1387 2380 (512.
1409 2361 1453 2367 —
1477 2343 1512 2376 Ε
1533 2357 1579 2371 =
1598 2349 1635 2374 et

941 2401 955 2424 t
965 2404 987 2423 α
998 2403 1031 2422 m
1054 2391 1117 2422 diu
1146 2390 1281 2422 restitit
1306 2386 1558 2434 premntibus.
1603 2386 1636 2421 R

940 2438 969 2471 ‘K
992 2451 1038 2463 =
1050 2448 1071 2467 u
1083 2444 1096 2467 t
1122 2435 1181 2477 [sR
1196 2439 1231 2473 -ff-
1249 2432 1344 2480 que]
1369 2442 1472 2466 extra
1488 2432 1635 2478 pericu-

941 2482 1024 2514 lum.
1072 2479 1130 2512 1²2.
1144 2480 1177 2513 3.
1191 2492 1268 2511 =u
1279 2488 1292 2511 t
1303 2492 1324 2524 q
1335 2490 1358 2510 u
1368 2491 1388 2511 e
1411 2486 1514 2510 extra
1532 2477 1634 2523 peri·

940 2527 1065 2559 culum.
1115 2526 1211 2558 Grut.
1240 2524 1279 2557 ci.
1302 2538 1347 2552 =
1368 2535 1392 2556 a
1402 2531 1416 2556 t
1425 2536 1447 2569 q
1457 2535 1509 2555 ue
1531 2530 1635 2556 extra

939 2585 1012 2617 per.
1061 2570 1287 2616 13=ubiqu
1299 2581 1319 2602 e
1340 2577 1443 2602 extra
1467 2579 1544 2614 per.
1587 2577 1635 2610 πχ

939 2633 984 2645 z
997 2625 1042 2650 ut
1055 2618 1130 2661 iqu
1141 2629 1160 2649 e
1184 2623 1286 2648 extra
1304 2626 1378 2660 per.
1414 2625 1432 2648 ο
1447 2630 1486 2639 -—
1497 2620 1542 2646 et.
1566 2622 1634 2646 ιε’

938 2664 1047 2708 peric.
1073 2673 1136 2694 suo
1158 2661 1292 2694 sentia
1302 2667 1329 2694 t.
1530 2700 1537 2707 ·
1590 2699 1599 2707 ·

984 2707 1180 2751 iecitque
1201 2715 1336 2739 seze.
1403 2706 1635 2745 ηπτ-σιεειι-

940 2765 1006 2798 que
1034 2763 1082 2785 se.
1127 2750 1294 2784 ΒῦΠαξπ
1306 2747 1412 2792 (p-m.)
1426 2758 1446 2780 υ
1466 2747 1501 2781 §R
1513 2760 1560 2774 =
1570 2745 1634 2778 le-

938 2811 964 2842 g
975 2799 1012 2830 it
1022 2809 1087 2842 que
1109 2808 1158 2828 se.
1206 2795 1325 2828 IECIT
1349 2791 1506 2826 facillime
1529 2796 1634 2834 pote-

940 2849 992 2875 rat
1015 2841 1134 2875 mutari
1155 2841 1189 2873 in
1209 2839 1357 2873 LEGIT.
1382 2849 1404 2871 κ
1414 2839 1445 2872 :32
1457 2855 1501 2862 —
1512 2837 1575 2874 ΕΙ.
1586 2849 1632 2864 ==
