<?xml version="1.0" encoding="UTF-8"?>
<!DOCTYPE html PUBLIC "-//W3C//DTD XHTML 1.0 Transitional//EN"
    "http://www.w3.org/TR/xhtml1/DTD/xhtml1-transitional.dtd">
<html xmlns="http://www.w3.org/1999/xhtml" xml:lang="en" lang="en">
 <head>
  <title>
</title>
<meta http-equiv="Content-Type" content="text/html;charset=utf-8" />
  <meta name='ocr-system' content='tesseract 3.04.00' />
  <meta name='ocr-capabilities' content='ocr_page ocr_carea ocr_par ocr_line ocrx_word'/>
</head>
<body>
  <div class='ocr_page' id='page_1' title='image "./operasene01seneuoft_0232.png"; bbox 0 0 1742 3094; ppageno 0'>
   <div class='ocr_carea' id='block_1_1' title="bbox 182 185 1151 231">
    <p class='ocr_par' dir='ltr' id='par_1_1' title="bbox 182 185 1151 231">
     <span class='ocr_line' id='line_1_1' title="bbox 182 185 1151 231; baseline 0.005 -8"><span class='ocrx_word' id='word_1_1' title='bbox 182 185 261 231; x_wconf 76' lang='lat'><strong>192</strong></span> <span class='ocrx_word' id='word_1_2' title='bbox 619 186 662 225; x_wconf 91' lang='lat' dir='ltr'><strong>L.</strong></span> <span class='ocrx_word' id='word_1_3' title='bbox 693 185 891 226; x_wconf 85' lang='lat' dir='ltr'><strong>ANNAEI</strong></span> <span class='ocrx_word' id='word_1_4' title='bbox 922 188 1151 228; x_wconf 88' lang='lat' dir='ltr'>SENECAE</span> 
     </span>
    </p>
   </div>
   <div class='ocr_carea' id='block_1_2' title="bbox 135 299 1616 1707">
    <p class='ocr_par' dir='ltr' id='par_1_2' title="bbox 135 299 1616 1707">
     <span class='ocr_line' id='line_1_2' title="bbox 178 299 1615 357; baseline 0.002 -17"><span class='ocrx_word' id='word_1_5' title='bbox 178 313 463 357; x_wconf 86' lang='lat' dir='ltr'><strong>superuacuum</strong></span> <span class='ocrx_word' id='word_1_6' title='bbox 478 299 607 354; x_wconf 78' lang='lat' dir='ltr'><strong>itaque</strong></span> <span class='ocrx_word' id='word_1_7' title='bbox 628 299 761 355; x_wconf 88' lang='lat' dir='ltr'><strong>putaui</strong></span> <span class='ocrx_word' id='word_1_8' title='bbox 785 299 831 340; x_wconf 86' lang='lat' dir='ltr'><strong>ab</strong></span> <span class='ocrx_word' id='word_1_9' title='bbox 856 314 903 340; x_wconf 91' lang='lat' dir='ltr'><strong>eo</strong></span> <span class='ocrx_word' id='word_1_10' title='bbox 924 300 989 355; x_wconf 89' lang='lat' dir='ltr'><strong>qui</strong></span> <span class='ocrx_word' id='word_1_11' title='bbox 1010 301 1209 342; x_wconf 81' lang='lat' dir='ltr'><strong>adferebat</strong></span> <span class='ocrx_word' id='word_1_12' title='bbox 1228 301 1319 356; x_wconf 91' lang='lat' dir='ltr'><strong>quid</strong></span> <span class='ocrx_word' id='word_1_13' title='bbox 1339 315 1480 357; x_wconf 80' lang='lat' dir='ltr'><strong>ageres</strong></span> <span class='ocrx_word' id='word_1_14' title='bbox 1499 315 1615 356; x_wconf 88' lang='lat' dir='ltr'><strong>quae-</strong></span> 
     </span>
     <span class='ocr_line' id='line_1_3' title="bbox 176 365 1616 421; baseline 0.001 -12"><span class='ocrx_word' id='word_1_15' title='bbox 176 381 283 410; x_wconf 88' lang='lat' dir='ltr'><strong>rere.</strong></span> <span class='ocrx_word' id='word_1_16' title='bbox 343 365 468 409; x_wconf 83' lang='lat' dir='ltr'><strong>Ualde</strong></span> <span class='ocrx_word' id='word_1_17' title='bbox 493 367 595 408; x_wconf 90' lang='lat' dir='ltr'><strong>enim</strong></span> <span class='ocrx_word' id='word_1_18' title='bbox 617 368 744 408; x_wconf 89' lang='lat' dir='ltr'><strong>bonae</strong></span> <span class='ocrx_word' id='word_1_19' title='bbox 768 367 982 409; x_wconf 84' lang='lat' dir='ltr'><strong>memoriae</strong></span> <span class='ocrx_word' id='word_1_20' title='bbox 1007 375 1091 421; x_wconf 85' lang='lat' dir='ltr'><strong>est,</strong></span> <span class='ocrx_word' id='word_1_21' title='bbox 1129 369 1166 410; x_wconf 91' lang='lat' dir='ltr'><strong>si</strong></span> <span class='ocrx_word' id='word_1_22' title='bbox 1186 369 1386 410; x_wconf 83' lang='lat' dir='ltr'><strong>meminit:</strong></span> <span class='ocrx_word' id='word_1_23' title='bbox 1429 376 1469 410; x_wconf 87' lang='lat' dir='ltr'><strong>et</strong></span> <span class='ocrx_word' id='word_1_24' title='bbox 1485 376 1616 419; x_wconf 80' lang='lat' dir='ltr'><strong>tamen</strong></span> 
     </span>
     <span class='ocr_line' id='line_1_4' title="bbox 177 435 1612 492; baseline 0.001 -15"><span class='ocrx_word' id='word_1_25' title='bbox 177 450 293 492; x_wconf 86' lang='lat' dir='ltr'><strong>spero</strong></span> <span class='ocrx_word' id='word_1_26' title='bbox 329 435 386 476; x_wconf 95' lang='lat' dir='ltr'><strong>sic</strong></span> <span class='ocrx_word' id='word_1_27' title='bbox 414 442 452 476; x_wconf 88' lang='lat' dir='ltr'><strong>te</strong></span> <span class='ocrx_word' id='word_1_28' title='bbox 478 435 554 476; x_wconf 91' lang='lat' dir='ltr'><strong>iam</strong></span> <span class='ocrx_word' id='word_1_29' title='bbox 584 435 747 488; x_wconf 80' lang='lat' dir='ltr'><strong>uiuere,</strong></span> <span class='ocrx_word' id='word_1_30' title='bbox 790 442 833 476; x_wconf 89' lang='lat' dir='ltr'><strong>ut</strong></span> <span class='ocrx_word' id='word_1_31' title='bbox 861 435 1092 491; x_wconf 85' lang='lat' dir='ltr'><strong>ubicumque</strong></span> <span class='ocrx_word' id='word_1_32' title='bbox 1127 436 1211 487; x_wconf 10' lang='lat' dir='ltr'><strong>eris?</strong></span> <span class='ocrx_word' id='word_1_33' title='bbox 1235 437 1356 478; x_wconf 88' lang='lat' dir='ltr'><strong>sciam</strong></span> <span class='ocrx_word' id='word_1_34' title='bbox 1383 437 1472 491; x_wconf 84' lang='lat' dir='ltr'><strong>quid</strong></span> <span class='ocrx_word' id='word_1_35' title='bbox 1502 451 1612 492; x_wconf 87' lang='lat' dir='ltr'><strong>agas.</strong></span> 
     </span>
     <span class='ocr_line' id='line_1_5' title="bbox 179 503 1613 560; baseline 0.001 -16"><span class='ocrx_word' id='word_1_36' title='bbox 179 503 283 558; x_wconf 81' lang='lat' dir='ltr'><strong>Quid</strong></span> <span class='ocrx_word' id='word_1_37' title='bbox 317 503 421 544; x_wconf 88' lang='lat' dir='ltr'><strong>enim</strong></span> <span class='ocrx_word' id='word_1_38' title='bbox 446 504 549 544; x_wconf 89' lang='lat' dir='ltr'><strong>aliud</strong></span> <span class='ocrx_word' id='word_1_39' title='bbox 569 518 662 558; x_wconf 86' lang='lat' dir='ltr'><strong>agas</strong></span> <span class='ocrx_word' id='word_1_40' title='bbox 693 517 807 559; x_wconf 86' lang='lat' dir='ltr'><strong>quam</strong></span> <span class='ocrx_word' id='word_1_41' title='bbox 834 510 877 544; x_wconf 87' lang='lat' dir='ltr'><strong>ut</strong></span> <span class='ocrx_word' id='word_1_42' title='bbox 897 504 1099 546; x_wconf 91' lang='lat' dir='ltr'><strong>meliorem</strong></span> <span class='ocrx_word' id='word_1_43' title='bbox 1123 511 1162 546; x_wconf 85' lang='lat' dir='ltr'><strong>te</strong></span> <span class='ocrx_word' id='word_1_44' title='bbox 1187 505 1271 560; x_wconf 90' lang='lat' dir='ltr'><strong>ipse</strong></span> <span class='ocrx_word' id='word_1_45' title='bbox 1305 504 1448 546; x_wconf 78' lang='lat' dir='ltr'><strong>cotidie</strong></span> <span class='ocrx_word' id='word_1_46' title='bbox 1477 505 1613 556; x_wconf 79' lang='lat' dir='ltr'><strong>facias,</strong></span> 
     </span>
     <span class='ocr_line' id='line_1_6' title="bbox 176 571 1616 628; baseline 0.001 -15"><span class='ocrx_word' id='word_1_47' title='bbox 176 579 219 613; x_wconf 89' lang='lat' dir='ltr'><strong>ut</strong></span> <span class='ocrx_word' id='word_1_48' title='bbox 236 571 379 627; x_wconf 91' lang='lat' dir='ltr'><strong>aliquid</strong></span> <span class='ocrx_word' id='word_1_49' title='bbox 403 585 456 612; x_wconf 86' lang='lat' dir='ltr'><strong>ex</strong></span> <span class='ocrx_word' id='word_1_50' title='bbox 483 571 683 612; x_wconf 84' lang='lat' dir='ltr'><strong>erroribus</strong></span> <span class='ocrx_word' id='word_1_51' title='bbox 704 585 825 627; x_wconf 89' lang='lat' dir='ltr'><strong>ponas</strong></span> <span class='ocrx_word' id='word_1_52' title='bbox 841 604 852 623; x_wconf 88' lang='lat'>‚</span> <span class='ocrx_word' id='word_1_53' title='bbox 898 578 942 612; x_wconf 86' lang='lat' dir='ltr'><strong>ut</strong></span> <span class='ocrx_word' id='word_1_54' title='bbox 967 572 1171 628; x_wconf 78' lang='lat' dir='ltr'><strong>intellegas</strong></span> <span class='ocrx_word' id='word_1_55' title='bbox 1194 579 1260 614; x_wconf 89' lang='lat' dir='ltr'><strong>tua</strong></span> <span class='ocrx_word' id='word_1_56' title='bbox 1283 573 1378 614; x_wconf 87' lang='lat' dir='ltr'><strong>uitia</strong></span> <span class='ocrx_word' id='word_1_57' title='bbox 1403 587 1492 614; x_wconf 89' lang='lat' dir='ltr'><strong>esse</strong></span> <span class='ocrx_word' id='word_1_58' title='bbox 1515 586 1616 628; x_wconf 84' lang='lat' dir='ltr'><strong>quae</strong></span> 
     </span>
     <span class='ocr_line' id='line_1_7' title="bbox 179 638 1611 696; baseline -0.001 -15"><span class='ocrx_word' id='word_1_59' title='bbox 179 647 292 696; x_wconf 90' lang='lat' dir='ltr'><strong>putas</strong></span> <span class='ocrx_word' id='word_1_60' title='bbox 316 640 478 680; x_wconf 79' lang='lat' dir='ltr'><strong>rerum?</strong></span> <span class='ocrx_word' id='word_1_61' title='bbox 519 638 722 693; x_wconf 79' lang='lat' dir='ltr'><strong>Quaedam</strong></span> <span class='ocrx_word' id='word_1_62' title='bbox 753 640 858 680; x_wconf 88' lang='lat' dir='ltr'><strong>enim</strong></span> <span class='ocrx_word' id='word_1_63' title='bbox 880 640 978 681; x_wconf 86' lang='lat' dir='ltr'><strong>locis</strong></span> <span class='ocrx_word' id='word_1_64' title='bbox 1004 646 1044 681; x_wconf 86' lang='lat' dir='ltr'><strong>et</strong></span> <span class='ocrx_word' id='word_1_65' title='bbox 1072 641 1311 696; x_wconf 84' lang='lat' dir='ltr'><strong>temporibus</strong></span> <span class='ocrx_word' id='word_1_66' title='bbox 1339 640 1611 682; x_wconf 82' lang='lat' dir='ltr'><strong>adscribimus.</strong></span> 
     </span>
     <span class='ocr_line' id='line_1_8' title="bbox 142 706 1611 764; baseline -0.001 -15"><span class='ocrx_word' id='word_1_67' title='bbox 142 721 160 748; x_wconf 77' lang='lat'>2</span> <span class='ocrx_word' id='word_1_68' title='bbox 178 715 219 749; x_wconf 84' lang='lat' dir='ltr'><strong>at</strong></span> <span class='ocrx_word' id='word_1_69' title='bbox 258 708 326 748; x_wconf 87' lang='lat' dir='ltr'><strong>illa</strong></span> <span class='ocrx_word' id='word_1_70' title='bbox 373 720 614 761; x_wconf 81' lang='lat' dir='ltr'><strong>quocumque</strong></span> <span class='ocrx_word' id='word_1_71' title='bbox 657 706 928 748; x_wconf 85' lang='lat' dir='ltr'><strong>transierimus</strong></span> <span class='ocrx_word' id='word_1_72' title='bbox 969 715 1151 749; x_wconf 83' lang='lat' dir='ltr'><strong>secutura</strong></span> <span class='ocrx_word' id='word_1_73' title='bbox 1183 715 1289 750; x_wconf 88' lang='lat' dir='ltr'><strong>sunt.</strong></span> <span class='ocrx_word' id='word_1_74' title='bbox 1373 707 1611 764; x_wconf 87' lang='lat' dir='ltr'><strong>Harpasten‚</strong></span> 
     </span>
     <span class='ocr_line' id='line_1_9' title="bbox 173 774 1614 826; baseline -0.001 -9"><span class='ocrx_word' id='word_1_75' title='bbox 173 775 311 817; x_wconf 83' lang='lat' dir='ltr'><strong>uxoris</strong></span> <span class='ocrx_word' id='word_1_76' title='bbox 333 788 446 815; x_wconf 85' lang='lat' dir='ltr'><strong>meae</strong></span> <span class='ocrx_word' id='word_1_77' title='bbox 471 775 612 815; x_wconf 86' lang='lat' dir='ltr'><strong>fatuam</strong></span> <span class='ocrx_word' id='word_1_78' title='bbox 631 806 642 826; x_wconf 91' lang='lat'>‚</span> <span class='ocrx_word' id='word_1_79' title='bbox 686 775 766 816; x_wconf 87' lang='lat' dir='ltr'><strong>scis</strong></span> <span class='ocrx_word' id='word_1_80' title='bbox 792 774 1070 816; x_wconf 86' lang='lat' dir='ltr'><strong>hereditarium</strong></span> <span class='ocrx_word' id='word_1_81' title='bbox 1105 789 1204 816; x_wconf 89' lang='lat' dir='ltr'><strong>onus</strong></span> <span class='ocrx_word' id='word_1_82' title='bbox 1235 775 1277 816; x_wconf 92' lang='lat' dir='ltr'><strong>in</strong></span> <span class='ocrx_word' id='word_1_83' title='bbox 1297 775 1412 816; x_wconf 88' lang='lat' dir='ltr'><strong>domo</strong></span> <span class='ocrx_word' id='word_1_84' title='bbox 1444 789 1533 817; x_wconf 90' lang='lat' dir='ltr'><strong>mea</strong></span> <span class='ocrx_word' id='word_1_85' title='bbox 1550 789 1614 816; x_wconf 84' lang='lat' dir='ltr'><strong>re-</strong></span> 
     </span>
     <span class='ocr_line' id='line_1_10' title="bbox 174 842 1614 898; baseline 0.001 -15"><span class='ocrx_word' id='word_1_86' title='bbox 174 843 383 884; x_wconf 87' lang='lat' dir='ltr'><strong>mansisse.</strong></span> <span class='ocrx_word' id='word_1_87' title='bbox 415 842 499 897; x_wconf 89' lang='lat' dir='ltr'><strong>ipse</strong></span> <span class='ocrx_word' id='word_1_88' title='bbox 520 842 624 883; x_wconf 91' lang='lat' dir='ltr'><strong>enim</strong></span> <span class='ocrx_word' id='word_1_89' title='bbox 638 842 893 884; x_wconf 88' lang='lat' dir='ltr'><strong>auarissimus</strong></span> <span class='ocrx_word' id='word_1_90' title='bbox 913 843 960 884; x_wconf 90' lang='lat' dir='ltr'><strong>ab</strong></span> <span class='ocrx_word' id='word_1_91' title='bbox 975 843 1064 884; x_wconf 87' lang='lat' dir='ltr'><strong>istis</strong></span> <span class='ocrx_word' id='word_1_92' title='bbox 1084 842 1272 898; x_wconf 71' lang='lat' dir='ltr'><strong>prodigiis</strong></span> <span class='ocrx_word' id='word_1_93' title='bbox 1294 857 1381 884; x_wconf 90' lang='lat' dir='ltr'><strong>sum</strong></span> <span class='ocrx_word' id='word_1_94' title='bbox 1398 859 1407 884; x_wconf 89' lang='lat'>:</span> <span class='ocrx_word' id='word_1_95' title='bbox 1441 843 1476 884; x_wconf 90' lang='lat' dir='ltr'><strong>si</strong></span> <span class='ocrx_word' id='word_1_96' title='bbox 1493 857 1614 897; x_wconf 85' lang='lat' dir='ltr'><strong>quan-</strong></span> 
     </span>
     <span class='ocr_line' id='line_1_11' title="bbox 173 910 1615 966; baseline -0.001 -13"><span class='ocrx_word' id='word_1_97' title='bbox 173 913 221 953; x_wconf 90' lang='lat' dir='ltr'><strong>do</strong></span> <span class='ocrx_word' id='word_1_98' title='bbox 242 913 346 952; x_wconf 85' lang='lat' dir='ltr'><strong>fatuo</strong></span> <span class='ocrx_word' id='word_1_99' title='bbox 369 911 555 952; x_wconf 87' lang='lat' dir='ltr'><strong>delectari</strong></span> <span class='ocrx_word' id='word_1_100' title='bbox 584 910 698 963; x_wconf 89' lang='lat' dir='ltr'><strong>uolo,</strong></span> <span class='ocrx_word' id='word_1_101' title='bbox 732 925 811 951; x_wconf 90' lang='lat' dir='ltr'><strong>non</strong></span> <span class='ocrx_word' id='word_1_102' title='bbox 830 917 892 952; x_wconf 89' lang='lat' dir='ltr'><strong>est</strong></span> <span class='ocrx_word' id='word_1_103' title='bbox 915 911 1010 952; x_wconf 91' lang='lat' dir='ltr'><strong>mihi</strong></span> <span class='ocrx_word' id='word_1_104' title='bbox 1035 911 1150 966; x_wconf 85' lang='lat' dir='ltr'><strong>longe</strong></span> <span class='ocrx_word' id='word_1_105' title='bbox 1173 911 1444 966; x_wconf 85' lang='lat' dir='ltr'><strong>quaerendus:</strong></span> <span class='ocrx_word' id='word_1_106' title='bbox 1477 924 1540 952; x_wconf 91' lang='lat' dir='ltr'><strong>me</strong></span> <span class='ocrx_word' id='word_1_107' title='bbox 1559 910 1615 952; x_wconf 86' lang='lat' dir='ltr'><strong>ri-</strong></span> 
     </span>
     <span class='ocr_line' id='line_1_12' title="bbox 173 976 1613 1021; baseline -0.001 0"><span class='ocrx_word' id='word_1_108' title='bbox 173 981 261 1021; x_wconf 84' lang='lat' dir='ltr'><strong>deo.</strong></span> <span class='ocrx_word' id='word_1_109' title='bbox 323 979 434 1020; x_wconf 86' lang='lat' dir='ltr'><strong>Haec</strong></span> <span class='ocrx_word' id='word_1_110' title='bbox 469 980 575 1020; x_wconf 86' lang='lat' dir='ltr'><strong>fatua</strong></span> <span class='ocrx_word' id='word_1_111' title='bbox 603 979 733 1020; x_wconf 86' lang='lat' dir='ltr'><strong>subito</strong></span> <span class='ocrx_word' id='word_1_112' title='bbox 765 979 881 1020; x_wconf 91' lang='lat' dir='ltr'><strong>desiit</strong></span> <span class='ocrx_word' id='word_1_113' title='bbox 911 979 1061 1020; x_wconf 86' lang='lat' dir='ltr'><strong>uidere.</strong></span> <span class='ocrx_word' id='word_1_114' title='bbox 1121 976 1392 1020; x_wconf 84' lang='lat' dir='ltr'><strong>Incredibilem</strong></span> <span class='ocrx_word' id='word_1_115' title='bbox 1431 992 1516 1019; x_wconf 90' lang='lat' dir='ltr'><strong>rem</strong></span> <span class='ocrx_word' id='word_1_116' title='bbox 1542 977 1613 1019; x_wconf 91' lang='lat' dir='ltr'><strong>tibi</strong></span> 
     </span>
     <span class='ocr_line' id='line_1_13' title="bbox 173 1046 1612 1101; baseline -0.002 -12"><span class='ocrx_word' id='word_1_117' title='bbox 173 1062 307 1099; x_wconf 84' lang='lat' dir='ltr'><strong>narro,</strong></span> <span class='ocrx_word' id='word_1_118' title='bbox 341 1048 410 1088; x_wconf 91' lang='lat' dir='ltr'><strong>sed</strong></span> <span class='ocrx_word' id='word_1_119' title='bbox 433 1061 593 1088; x_wconf 82' lang='lat' dir='ltr'><strong>ueram:</strong></span> <span class='ocrx_word' id='word_1_120' title='bbox 626 1047 754 1087; x_wconf 89' lang='lat' dir='ltr'><strong>nescit</strong></span> <span class='ocrx_word' id='word_1_121' title='bbox 773 1060 862 1087; x_wconf 89' lang='lat' dir='ltr'><strong>esse</strong></span> <span class='ocrx_word' id='word_1_122' title='bbox 884 1061 928 1088; x_wconf 90' lang='lat' dir='ltr'><strong>se</strong></span> <span class='ocrx_word' id='word_1_123' title='bbox 950 1060 1120 1088; x_wconf 86' lang='lat' dir='ltr'><strong>caecam.</strong></span> <span class='ocrx_word' id='word_1_124' title='bbox 1162 1046 1327 1087; x_wconf 88' lang='lat' dir='ltr'><strong>subinde</strong></span> <span class='ocrx_word' id='word_1_125' title='bbox 1346 1046 1612 1101; x_wconf 85' lang='lat' dir='ltr'><strong>paedagogum</strong></span> 
     </span>
     <span class='ocr_line' id='line_1_14' title="bbox 175 1113 1613 1170; baseline -0.001 -13"><span class='ocrx_word' id='word_1_126' title='bbox 175 1131 287 1157; x_wconf 91' lang='lat' dir='ltr'><strong>suum</strong></span> <span class='ocrx_word' id='word_1_127' title='bbox 305 1122 420 1170; x_wconf 84' lang='lat' dir='ltr'><strong>rogat</strong></span> <span class='ocrx_word' id='word_1_128' title='bbox 442 1122 483 1155; x_wconf 88' lang='lat' dir='ltr'><strong>ut</strong></span> <span class='ocrx_word' id='word_1_129' title='bbox 501 1114 658 1170; x_wconf 84' lang='lat' dir='ltr'><strong>migret.</strong></span> <span class='ocrx_word' id='word_1_130' title='bbox 692 1114 747 1155; x_wconf 88' lang='lat' dir='ltr'><strong>ait</strong></span> <span class='ocrx_word' id='word_1_131' title='bbox 767 1114 923 1155; x_wconf 91' lang='lat' dir='ltr'><strong>domum</strong></span> <span class='ocrx_word' id='word_1_132' title='bbox 943 1114 1230 1155; x_wconf 84' lang='lat' dir='ltr'><strong>tenebricosam</strong></span> <span class='ocrx_word' id='word_1_133' title='bbox 1255 1128 1360 1155; x_wconf 92' lang='lat' dir='ltr'><strong>esse.</strong></span> <span class='ocrx_word' id='word_1_134' title='bbox 1407 1113 1494 1155; x_wconf 90' lang='lat' dir='ltr'><strong>Hoc</strong></span> <span class='ocrx_word' id='word_1_135' title='bbox 1511 1114 1613 1168; x_wconf 91' lang='lat' dir='ltr'><strong>quod</strong></span> 
     </span>
     <span class='ocr_line' id='line_1_15' title="bbox 143 1180 1612 1237; baseline 0.001 -16"><span class='ocrx_word' id='word_1_136' title='bbox 143 1195 159 1221; x_wconf 82' lang='lat' dir='ltr'><strong>a</strong></span> <span class='ocrx_word' id='word_1_137' title='bbox 176 1185 218 1225; x_wconf 89' lang='lat' dir='ltr'><strong>in</strong></span> <span class='ocrx_word' id='word_1_138' title='bbox 242 1184 308 1227; x_wconf 86' lang='lat' dir='ltr'><strong>illa</strong></span> <span class='ocrx_word' id='word_1_139' title='bbox 339 1183 512 1224; x_wconf 83' lang='lat' dir='ltr'><strong>ridemus</strong></span> <span class='ocrx_word' id='word_1_140' title='bbox 542 1182 720 1223; x_wconf 89' lang='lat' dir='ltr'><strong>omnibus</strong></span> <span class='ocrx_word' id='word_1_141' title='bbox 749 1181 862 1223; x_wconf 91' lang='lat' dir='ltr'><strong>nobis</strong></span> <span class='ocrx_word' id='word_1_142' title='bbox 890 1182 1069 1223; x_wconf 84' lang='lat' dir='ltr'><strong>accidere</strong></span> <span class='ocrx_word' id='word_1_143' title='bbox 1091 1182 1237 1237; x_wconf 87' lang='lat' dir='ltr'><strong>liqueat</strong></span> <span class='ocrx_word' id='word_1_144' title='bbox 1264 1181 1350 1223; x_wconf 87' lang='lat' dir='ltr'><strong>tibi.</strong></span> <span class='ocrx_word' id='word_1_145' title='bbox 1409 1180 1541 1222; x_wconf 84' lang='lat' dir='ltr'><strong>Nemo</strong></span> <span class='ocrx_word' id='word_1_146' title='bbox 1568 1194 1612 1222; x_wconf 87' lang='lat' dir='ltr'><strong>se</strong></span> 
     </span>
     <span class='ocr_line' id='line_1_16' title="bbox 169 1247 1611 1304; baseline -0.003 -10"><span class='ocrx_word' id='word_1_147' title='bbox 169 1266 331 1294; x_wconf 87' lang='lat' dir='ltr'><strong>auarum</strong></span> <span class='ocrx_word' id='word_1_148' title='bbox 361 1264 451 1292; x_wconf 91' lang='lat' dir='ltr'><strong>esse</strong></span> <span class='ocrx_word' id='word_1_149' title='bbox 478 1250 695 1304; x_wconf 85' lang='lat' dir='ltr'><strong>intellegit,</strong></span> <span class='ocrx_word' id='word_1_150' title='bbox 742 1263 857 1290; x_wconf 87' lang='lat' dir='ltr'><strong>nemo</strong></span> <span class='ocrx_word' id='word_1_151' title='bbox 891 1249 1085 1304; x_wconf 88' lang='lat' dir='ltr'><strong>cupidum.</strong></span> <span class='ocrx_word' id='word_1_152' title='bbox 1161 1247 1283 1290; x_wconf 84' lang='lat' dir='ltr'><strong>Caeci</strong></span> <span class='ocrx_word' id='word_1_153' title='bbox 1313 1255 1444 1291; x_wconf 87' lang='lat' dir='ltr'><strong>tamen</strong></span> <span class='ocrx_word' id='word_1_154' title='bbox 1474 1250 1611 1291; x_wconf 86' lang='lat' dir='ltr'><strong>ducem</strong></span> 
     </span>
     <span class='ocr_line' id='line_1_17' title="bbox 169 1315 1612 1376; baseline -0.003 -15"><span class='ocrx_word' id='word_1_155' title='bbox 169 1326 382 1376; x_wconf 88' lang='lat' dir='ltr'><strong>quaerunt,</strong></span> <span class='ocrx_word' id='word_1_156' title='bbox 415 1332 488 1360; x_wconf 91' lang='lat' dir='ltr'><strong>nos</strong></span> <span class='ocrx_word' id='word_1_157' title='bbox 511 1318 596 1359; x_wconf 90' lang='lat' dir='ltr'><strong>sine</strong></span> <span class='ocrx_word' id='word_1_158' title='bbox 619 1318 716 1359; x_wconf 89' lang='lat' dir='ltr'><strong>duce</strong></span> <span class='ocrx_word' id='word_1_159' title='bbox 739 1331 916 1359; x_wconf 83' lang='lat' dir='ltr'><strong>erramus</strong></span> <span class='ocrx_word' id='word_1_160' title='bbox 940 1324 980 1358; x_wconf 89' lang='lat' dir='ltr'><strong>et</strong></span> <span class='ocrx_word' id='word_1_161' title='bbox 1001 1317 1187 1358; x_wconf 83' lang='lat' dir='ltr'><strong>dicimus:</strong></span> <span class='ocrx_word' id='word_1_162' title='bbox 1218 1315 1315 1358; x_wconf 91' lang='lat' dir='ltr'><strong>Non</strong></span> <span class='ocrx_word' id='word_1_163' title='bbox 1338 1330 1412 1372; x_wconf 87' lang='lat' dir='ltr'><strong>ego</strong></span> <span class='ocrx_word' id='word_1_164' title='bbox 1433 1316 1612 1358; x_wconf 72' lang='lat' dir='ltr'><strong>ambitio·</strong></span> 
     </span>
     <span class='ocr_line' id='line_1_18' title="bbox 170 1384 1612 1441; baseline -0.003 -11"><span class='ocrx_word' id='word_1_165' title='bbox 170 1402 239 1430; x_wconf 92' lang='lat' dir='ltr'><strong>sus</strong></span> <span class='ocrx_word' id='word_1_166' title='bbox 264 1401 349 1429; x_wconf 91' lang='lat' dir='ltr'><strong>sum</strong></span> <span class='ocrx_word' id='word_1_167' title='bbox 364 1419 375 1439; x_wconf 87' lang='lat'><strong>,</strong></span> <span class='ocrx_word' id='word_1_168' title='bbox 420 1387 488 1428; x_wconf 90' lang='lat' dir='ltr'><strong>sed</strong></span> <span class='ocrx_word' id='word_1_169' title='bbox 508 1400 624 1427; x_wconf 90' lang='lat' dir='ltr'><strong>nemo</strong></span> <span class='ocrx_word' id='word_1_170' title='bbox 647 1385 762 1427; x_wconf 87' lang='lat' dir='ltr'><strong>aliter</strong></span> <span class='ocrx_word' id='word_1_171' title='bbox 781 1384 934 1427; x_wconf 90' lang='lat' dir='ltr'><strong>Romae</strong></span> <span class='ocrx_word' id='word_1_172' title='bbox 957 1391 1086 1441; x_wconf 82' lang='lat' dir='ltr'><strong>potest</strong></span> <span class='ocrx_word' id='word_1_173' title='bbox 1105 1385 1257 1426; x_wconf 88' lang='lat' dir='ltr'><strong>uiuere.</strong></span> <span class='ocrx_word' id='word_1_174' title='bbox 1299 1399 1379 1426; x_wconf 89' lang='lat' dir='ltr'><strong>non</strong></span> <span class='ocrx_word' id='word_1_175' title='bbox 1410 1398 1484 1440; x_wconf 85' lang='lat' dir='ltr'><strong>ego</strong></span> <span class='ocrx_word' id='word_1_176' title='bbox 1506 1398 1612 1426; x_wconf 86' lang='lat' dir='ltr'><strong>sum-</strong></span> 
     </span>
     <span class='ocr_line' id='line_1_19' title="bbox 169 1453 1612 1512; baseline -0.003 -14"><span class='ocrx_word' id='word_1_177' title='bbox 169 1464 332 1512; x_wconf 90' lang='lat' dir='ltr'><strong>ptuosus</strong></span> <span class='ocrx_word' id='word_1_178' title='bbox 363 1470 475 1507; x_wconf 89' lang='lat' dir='ltr'><strong>sum,</strong></span> <span class='ocrx_word' id='word_1_179' title='bbox 518 1454 586 1496; x_wconf 90' lang='lat' dir='ltr'><strong>sed</strong></span> <span class='ocrx_word' id='word_1_180' title='bbox 609 1453 712 1496; x_wconf 87' lang='lat' dir='ltr'><strong>Urbs</strong></span> <span class='ocrx_word' id='word_1_181' title='bbox 741 1453 826 1510; x_wconf 90' lang='lat' dir='ltr'><strong>ipsa</strong></span> <span class='ocrx_word' id='word_1_182' title='bbox 855 1467 1016 1509; x_wconf 87' lang='lat' dir='ltr'><strong>magnas</strong></span> <span class='ocrx_word' id='word_1_183' title='bbox 1046 1453 1230 1509; x_wconf 87' lang='lat' dir='ltr'><strong>inpensas</strong></span> <span class='ocrx_word' id='word_1_184' title='bbox 1261 1453 1400 1508; x_wconf 82' lang='lat' dir='ltr'><strong>exigit.</strong></span> <span class='ocrx_word' id='word_1_185' title='bbox 1442 1466 1520 1494; x_wconf 90' lang='lat' dir='ltr'><strong>non</strong></span> <span class='ocrx_word' id='word_1_186' title='bbox 1550 1459 1612 1494; x_wconf 87' lang='lat' dir='ltr'><strong>est</strong></span> 
     </span>
     <span class='ocr_line' id='line_1_20' title="bbox 168 1520 1609 1578; baseline -0.003 -12"><span class='ocrx_word' id='word_1_187' title='bbox 168 1539 298 1566; x_wconf 92' lang='lat' dir='ltr'><strong>meum</strong></span> <span class='ocrx_word' id='word_1_188' title='bbox 319 1524 457 1565; x_wconf 87' lang='lat' dir='ltr'><strong>uitium</strong></span> <span class='ocrx_word' id='word_1_189' title='bbox 472 1555 484 1575; x_wconf 85' lang='lat'>,</span> <span class='ocrx_word' id='word_1_190' title='bbox 517 1523 618 1578; x_wconf 92' lang='lat' dir='ltr'><strong>quod</strong></span> <span class='ocrx_word' id='word_1_191' title='bbox 636 1522 846 1563; x_wconf 88' lang='lat' dir='ltr'><strong>iracundus</strong></span> <span class='ocrx_word' id='word_1_192' title='bbox 867 1537 969 1574; x_wconf 87' lang='lat' dir='ltr'><strong>sum,</strong></span> <span class='ocrx_word' id='word_1_193' title='bbox 1003 1522 1105 1577; x_wconf 93' lang='lat' dir='ltr'><strong>quod</strong></span> <span class='ocrx_word' id='word_1_194' title='bbox 1127 1522 1294 1562; x_wconf 90' lang='lat' dir='ltr'><strong>nondum</strong></span> <span class='ocrx_word' id='word_1_195' title='bbox 1316 1520 1502 1562; x_wconf 87' lang='lat' dir='ltr'><strong>constitui</strong></span> <span class='ocrx_word' id='word_1_196' title='bbox 1523 1534 1609 1562; x_wconf 64' lang='lat' dir='ltr'><strong>cer—</strong></span> 
     </span>
     <span class='ocr_line' id='line_1_21' title="bbox 135 1587 1607 1647; baseline -0.004 -13"><span class='ocrx_word' id='word_1_197' title='bbox 135 1600 152 1628; x_wconf 81' lang='grc'>4</span> <span class='ocrx_word' id='word_1_198' title='bbox 171 1599 250 1634; x_wconf 90' lang='lat' dir='ltr'><strong>tum</strong></span> <span class='ocrx_word' id='word_1_199' title='bbox 270 1606 395 1647; x_wconf 88' lang='lat' dir='ltr'><strong>genus</strong></span> <span class='ocrx_word' id='word_1_200' title='bbox 411 1591 516 1632; x_wconf 92' lang='lat' dir='ltr'><strong>uitae</strong></span> <span class='ocrx_word' id='word_1_201' title='bbox 532 1607 541 1631; x_wconf 73' lang='grc' dir='ltr'><strong>ε</strong></span> <span class='ocrx_word' id='word_1_202' title='bbox 581 1590 845 1630; x_wconf 87' lang='lat' dir='ltr'><strong>adulescentia</strong></span> <span class='ocrx_word' id='word_1_203' title='bbox 864 1589 960 1630; x_wconf 87' lang='lat' dir='ltr'><strong>haec</strong></span> <span class='ocrx_word' id='word_1_204' title='bbox 983 1589 1090 1630; x_wconf 87' lang='lat' dir='ltr'><strong>facit.</strong></span> <span class='ocrx_word' id='word_1_205' title='bbox 1154 1587 1258 1642; x_wconf 81' lang='lat' dir='ltr'><strong>Quid</strong></span> <span class='ocrx_word' id='word_1_206' title='bbox 1276 1603 1349 1629; x_wconf 93' lang='lat' dir='ltr'><strong>nos</strong></span> <span class='ocrx_word' id='word_1_207' title='bbox 1367 1588 1607 1643; x_wconf 78' lang='lat' dir='ltr'><strong>decipimus?</strong></span> 
     </span>
     <span class='ocr_line' id='line_1_22' title="bbox 166 1655 1607 1707; baseline -0.005 -5"><span class='ocrx_word' id='word_1_208' title='bbox 166 1675 246 1702; x_wconf 91' lang='lat' dir='ltr'><strong>non</strong></span> <span class='ocrx_word' id='word_1_209' title='bbox 270 1667 332 1701; x_wconf 90' lang='lat' dir='ltr'><strong>est</strong></span> <span class='ocrx_word' id='word_1_210' title='bbox 352 1659 599 1700; x_wconf 84' lang='lat' dir='ltr'><strong>extrinsecus</strong></span> <span class='ocrx_word' id='word_1_211' title='bbox 622 1658 763 1698; x_wconf 88' lang='lat' dir='ltr'><strong>malum</strong></span> <span class='ocrx_word' id='word_1_212' title='bbox 792 1664 991 1698; x_wconf 87' lang='lat' dir='ltr'><strong>nostrum:</strong></span> <span class='ocrx_word' id='word_1_213' title='bbox 1033 1656 1136 1698; x_wconf 77' lang='lat' dir='ltr'><strong>intra</strong></span> <span class='ocrx_word' id='word_1_214' title='bbox 1159 1670 1232 1697; x_wconf 92' lang='lat' dir='ltr'><strong>nos</strong></span> <span class='ocrx_word' id='word_1_215' title='bbox 1257 1662 1343 1707; x_wconf 90' lang='lat' dir='ltr'><strong>est,</strong></span> <span class='ocrx_word' id='word_1_216' title='bbox 1386 1655 1427 1696; x_wconf 90' lang='lat' dir='ltr'><strong>in</strong></span> <span class='ocrx_word' id='word_1_217' title='bbox 1443 1655 1607 1696; x_wconf 87' lang='lat' dir='ltr'><strong>uisceri-</strong></span> 
     </span>
    </p>
   </div>
   <div class='ocr_carea' id='block_1_3' title="bbox 904 1790 1607 2506">
    <p class='ocr_par' dir='ltr' id='par_1_3' title="bbox 904 1790 1607 2506">
     <span class='ocr_line' id='line_1_23' title="bbox 958 1790 1607 1835; baseline -0.005 -10"><span class='ocrx_word' id='word_1_218' title='bbox 958 1804 1055 1825; x_wconf 78' lang='lat' dir='ltr'><strong>sum:</strong></span> <span class='ocrx_word' id='word_1_219' title='bbox 1079 1790 1470 1835; x_wconf 66' lang='lat' dir='ltr'><strong>st&#39;=PPr.bTAw(p.m.)</strong></span> <span class='ocrx_word' id='word_1_220' title='bbox 1487 1791 1516 1823; x_wconf 92' lang='lat' dir='ltr'>R</span> <span class='ocrx_word' id='word_1_221' title='bbox 1530 1790 1607 1835; x_wconf 82' lang='lat' dir='ltr'><strong>(ali-</strong></span> 
     </span>
     <span class='ocr_line' id='line_1_24' title="bbox 913 1837 1607 1883; baseline -0.001 -13"><span class='ocrx_word' id='word_1_222' title='bbox 913 1845 995 1883; x_wconf 87' lang='lat' dir='ltr'><strong>quot</strong></span> <span class='ocrx_word' id='word_1_223' title='bbox 1007 1837 1057 1882; x_wconf 86' lang='grc' dir='ltr'><strong>ρρ)</strong></span> <span class='ocrx_word' id='word_1_224' title='bbox 1077 1837 1147 1870; x_wconf 93' lang='lat' dir='ltr'><strong>Col.</strong></span> <span class='ocrx_word' id='word_1_225' title='bbox 1159 1839 1222 1874; x_wconf 69' lang='grc' dir='ltr'><strong>(ἐῖ.</strong></span> <span class='ocrx_word' id='word_1_226' title='bbox 1235 1855 1282 1862; x_wconf 92' lang='grc'><strong>--</strong></span> <span class='ocrx_word' id='word_1_227' title='bbox 1291 1838 1360 1874; x_wconf 66' lang='lat' dir='ltr'><strong>ffil.</strong></span> <span class='ocrx_word' id='word_1_228' title='bbox 1371 1838 1418 1872; x_wconf 51' lang='grc' dir='ltr'><strong>ἕ.</strong></span> <span class='ocrx_word' id='word_1_229' title='bbox 1485 1837 1607 1871; x_wconf 67' lang='grc' dir='ltr'><strong>ὓίιιἯία</strong></span> 
     </span>
     <span class='ocr_line' id='line_1_25' title="bbox 917 1880 1607 1923; baseline -0.004 -8"><span class='ocrx_word' id='word_1_230' title='bbox 917 1889 952 1923; x_wconf 74' lang='lat'><strong>-1-</strong></span> <span class='ocrx_word' id='word_1_231' title='bbox 969 1896 991 1915; x_wconf 87' lang='lat' dir='ltr'><strong>n</strong></span> <span class='ocrx_word' id='word_1_232' title='bbox 1004 1896 1022 1916; x_wconf 90' lang='grc' dir='ltr'><em>ο</em></span> <span class='ocrx_word' id='word_1_233' title='bbox 1032 1895 1055 1915; x_wconf 89' lang='lat' dir='ltr'><strong><em>n</em></strong></span> <span class='ocrx_word' id='word_1_234' title='bbox 1087 1895 1163 1915; x_wconf 73' lang='lat' dir='ltr'><strong>sum</strong></span> <span class='ocrx_word' id='word_1_235' title='bbox 1175 1895 1184 1914; x_wconf 91' lang='grc'><strong>.·</strong></span> <span class='ocrx_word' id='word_1_236' title='bbox 1227 1883 1260 1915; x_wconf 79' lang='lat' dir='ltr'><strong>si</strong></span> <span class='ocrx_word' id='word_1_237' title='bbox 1290 1893 1330 1913; x_wconf 80' lang='lat' dir='ltr'><strong>ex</strong></span> <span class='ocrx_word' id='word_1_238' title='bbox 1364 1880 1497 1913; x_wconf 82' lang='lat' dir='ltr'><strong>Gruteri</strong></span> <span class='ocrx_word' id='word_1_239' title='bbox 1525 1887 1607 1913; x_wconf 88' lang='lat' dir='ltr'><strong>nota</strong></span> 
     </span>
     <span class='ocr_line' id='line_1_26' title="bbox 911 1926 1607 1970; baseline -0.004 -9"><span class='ocrx_word' id='word_1_240' title='bbox 911 1929 998 1961; x_wconf 85' lang='lat' dir='ltr'><strong>male</strong></span> <span class='ocrx_word' id='word_1_241' title='bbox 1024 1928 1205 1962; x_wconf 85' lang='lat' dir='ltr'><strong>intellecta.</strong></span> <span class='ocrx_word' id='word_1_242' title='bbox 1249 1926 1352 1970; x_wconf 82' lang='lat' dir='ltr'><strong>Arg-b</strong></span> <span class='ocrx_word' id='word_1_243' title='bbox 1362 1928 1417 1959; x_wconf 92' lang='lat' dir='ltr'><strong>BE</strong></span> <span class='ocrx_word' id='word_1_244' title='bbox 1427 1941 1472 1954; x_wconf 91' lang='lat'>=</span> <span class='ocrx_word' id='word_1_245' title='bbox 1483 1927 1607 1959; x_wconf 75' lang='lat' dir='ltr'><strong>sumsi.</strong></span> 
     </span>
     <span class='ocr_line' id='line_1_27' title="bbox 912 1972 1607 2007; baseline -0.006 0"><span class='ocrx_word' id='word_1_246' title='bbox 912 1974 991 2007; x_wconf 86' lang='lat' dir='ltr'><strong>alias</strong></span> <span class='ocrx_word' id='word_1_247' title='bbox 1026 1979 1061 2006; x_wconf 87' lang='lat' dir='ltr'><strong>et</strong></span> <span class='ocrx_word' id='word_1_248' title='bbox 1080 1973 1116 2006; x_wconf 86' lang='lat' dir='ltr'><strong>hi</strong></span> <span class='ocrx_word' id='word_1_249' title='bbox 1139 1979 1177 2005; x_wconf 86' lang='lat' dir='ltr'><strong>ut</strong></span> <span class='ocrx_word' id='word_1_250' title='bbox 1204 1972 1276 2005; x_wconf 86' lang='lat' dir='ltr'><strong>rell.</strong></span> <span class='ocrx_word' id='word_1_251' title='bbox 1306 1983 1384 2004; x_wconf 73' lang='lat' dir='ltr'><strong>mss,</strong></span> <span class='ocrx_word' id='word_1_252' title='bbox 1417 1977 1607 2004; x_wconf 84' lang='lat' dir='ltr'><strong>constanter</strong></span> 
     </span>
     <span class='ocr_line' id='line_1_28' title="bbox 911 2016 1605 2064; baseline -0.006 -12"><span class='ocrx_word' id='word_1_253' title='bbox 911 2019 1060 2052; x_wconf 85' lang='lat' dir='ltr'><strong>scribunt</strong></span> <span class='ocrx_word' id='word_1_254' title='bbox 1080 2031 1156 2052; x_wconf 81' lang='lat' dir='ltr'><strong>sum</strong></span> <span class='ocrx_word' id='word_1_255' title='bbox 1163 2031 1190 2064; x_wconf 83' lang='lat' dir='ltr'><em>P</em></span> <span class='ocrx_word' id='word_1_256' title='bbox 1200 2018 1252 2051; x_wconf 74' lang='lat' dir='ltr'><strong>si.</strong></span> <span class='ocrx_word' id='word_1_257' title='bbox 1287 2016 1378 2062; x_wconf 91' lang='lat' dir='ltr'><strong>quod</strong></span> <span class='ocrx_word' id='word_1_258' title='bbox 1394 2016 1518 2049; x_wconf 87' lang='lat' dir='ltr'><strong>habent</strong></span> <span class='ocrx_word' id='word_1_259' title='bbox 1533 2016 1605 2049; x_wconf 85' lang='lat' dir='ltr'><strong>rell.</strong></span> 
     </span>
     <span class='ocr_line' id='line_1_29' title="bbox 910 2062 1607 2108; baseline -0.004 -10"><span class='ocrx_word' id='word_1_260' title='bbox 910 2077 987 2098; x_wconf 87' lang='lat' dir='ltr'><strong>mss.</strong></span> <span class='ocrx_word' id='word_1_261' title='bbox 1012 2065 1094 2108; x_wconf 86' lang='lat' dir='ltr'><strong>(exc.</strong></span> <span class='ocrx_word' id='word_1_262' title='bbox 1113 2075 1191 2107; x_wconf 89' lang='lat' dir='ltr'><strong>p=</strong></span> <span class='ocrx_word' id='word_1_263' title='bbox 1201 2062 1402 2108; x_wconf 63' lang='lat' dir='ltr'><strong>capet-sunt)</strong></span> <span class='ocrx_word' id='word_1_264' title='bbox 1417 2063 1458 2097; x_wconf 74' lang='lat'><strong>21.</strong></span> <span class='ocrx_word' id='word_1_265' title='bbox 1526 2062 1607 2096; x_wconf 64' lang='lat' dir='ltr'><strong>{R—</strong></span> 
     </span>
     <span class='ocr_line' id='line_1_30' title="bbox 910 2106 1606 2153; baseline -0.009 -9"><span class='ocrx_word' id='word_1_266' title='bbox 910 2112 938 2145; x_wconf 75' lang='grc' dir='ltr'><strong>(ξ</strong></span> <span class='ocrx_word' id='word_1_267' title='bbox 945 2115 973 2147; x_wconf 88' lang='lat'><strong>1.</strong></span> <span class='ocrx_word' id='word_1_268' title='bbox 982 2125 1029 2138; x_wconf 82' lang='lat'><strong>==</strong></span> <span class='ocrx_word' id='word_1_269' title='bbox 1041 2110 1177 2153; x_wconf 79' lang='lat' dir='ltr'><strong>sumpsi</strong></span> <span class='ocrx_word' id='word_1_270' title='bbox 1207 2120 1225 2140; x_wconf 78' lang='lat' dir='ltr'><strong>s</strong></span> <span class='ocrx_word' id='word_1_271' title='bbox 1236 2109 1260 2140; x_wconf 84' lang='lat' dir='ltr'><strong>i.</strong></span> <span class='ocrx_word' id='word_1_272' title='bbox 1338 2106 1417 2139; x_wconf 88' lang='lat' dir='ltr'><strong>Pr.b</strong></span> <span class='ocrx_word' id='word_1_273' title='bbox 1425 2122 1469 2135; x_wconf 93' lang='lat'><strong><em>=</em></strong></span> <span class='ocrx_word' id='word_1_274' title='bbox 1479 2108 1606 2138; x_wconf 80' lang='lat' dir='ltr'><strong>Incre-</strong></span> 
     </span>
     <span class='ocr_line' id='line_1_31' title="bbox 910 2151 1605 2187; baseline -0.004 0"><span class='ocrx_word' id='word_1_275' title='bbox 910 2155 950 2187; x_wconf 84' lang='lat' dir='ltr'><strong>di</strong></span> <span class='ocrx_word' id='word_1_276' title='bbox 960 2154 1003 2187; x_wconf 80' lang='lat' dir='ltr'><strong>bi</strong></span> <span class='ocrx_word' id='word_1_277' title='bbox 1013 2155 1055 2187; x_wconf 83' lang='lat' dir='ltr'><strong>le</strong></span> <span class='ocrx_word' id='word_1_278' title='bbox 1077 2154 1144 2187; x_wconf 78' lang='lat' dir='ltr'><strong>tibi</strong></span> <span class='ocrx_word' id='word_1_279' title='bbox 1165 2163 1287 2185; x_wconf 87' lang='lat' dir='ltr'><strong>narro.</strong></span> <span class='ocrx_word' id='word_1_280' title='bbox 1310 2153 1338 2183; x_wconf 86' lang='lat' dir='ltr'>B</span> <span class='ocrx_word' id='word_1_281' title='bbox 1347 2170 1390 2176; x_wconf 90' lang='lat'><strong>—-</strong></span> <span class='ocrx_word' id='word_1_282' title='bbox 1402 2151 1478 2186; x_wconf 73' lang='lat' dir='ltr'><strong>cibi.</strong></span> <span class='ocrx_word' id='word_1_283' title='bbox 1538 2151 1605 2186; x_wconf 62' lang='lat' dir='ltr'><strong>{mn</strong></span> 
     </span>
     <span class='ocr_line' id='line_1_32' title="bbox 908 2194 1602 2289; baseline -0.01 -9"><span class='ocrx_word' id='word_1_284' title='bbox 908 2207 1081 2280; x_wconf 59' lang='grc' dir='ltr'><strong>5ῖῖῗὲ</strong></span> <span class='ocrx_word' id='word_1_285' title='bbox 1102 2206 1144 2283; x_wconf 73' lang='grc' dir='ltr'><strong>ἶῖῘ</strong></span> <span class='ocrx_word' id='word_1_286' title='bbox 1163 2198 1359 2289; x_wconf 64' lang='grc' dir='ltr'><strong>Ζῖἶξῖἓῖὶ.</strong></span> <span class='ocrx_word' id='word_1_287' title='bbox 1393 2194 1602 2275; x_wconf 61' lang='lat'><strong>.⁰.‘²¹2{;.{³8.¹·</strong></span> 
     </span>
     <span class='ocr_line' id='line_1_33' title="bbox 909 2285 1605 2334; baseline -0.006 -12"><span class='ocrx_word' id='word_1_288' title='bbox 909 2289 1000 2334; x_wconf 88' lang='lat' dir='ltr'><strong>quod</strong></span> <span class='ocrx_word' id='word_1_289' title='bbox 1021 2301 1061 2322; x_wconf 84' lang='lat' dir='ltr'><strong>ex</strong></span> <span class='ocrx_word' id='word_1_290' title='bbox 1088 2287 1216 2323; x_wconf 79' lang='lat' dir='ltr'><strong>scholio</strong></span> <span class='ocrx_word' id='word_1_291' title='bbox 1246 2293 1357 2321; x_wconf 87' lang='lat' dir='ltr'><strong>ortum</strong></span> <span class='ocrx_word' id='word_1_292' title='bbox 1377 2286 1476 2320; x_wconf 83' lang='lat' dir='ltr'><strong>facile</strong></span> <span class='ocrx_word' id='word_1_293' title='bbox 1499 2285 1605 2319; x_wconf 84' lang='lat' dir='ltr'><strong>intel-</strong></span> 
     </span>
     <span class='ocr_line' id='line_1_34' title="bbox 906 2335 999 2368; baseline -0.011 0"><span class='ocrx_word' id='word_1_294' title='bbox 906 2335 930 2368; x_wconf 87' lang='lat' dir='ltr'><strong>li</strong></span> <span class='ocrx_word' id='word_1_295' title='bbox 953 2347 999 2368; x_wconf 84' lang='lat' dir='ltr'><strong>es.</strong></span> 
     </span>
     <span class='ocr_line' id='line_1_35' title="bbox 912 2347 1544 2422; baseline -0.008 -8"><span class='ocrx_word' id='word_1_296' title='bbox 912 2396 914 2399; x_wconf 90' lang='lat'>·</span> <span class='ocrx_word' id='word_1_297' title='bbox 931 2347 1206 2414; x_wconf 68' lang='lat' dir='ltr'><strong>geenebricosam</strong></span> <span class='ocrx_word' id='word_1_298' title='bbox 1216 2393 1263 2407; x_wconf 87' lang='lat'>=</span> <span class='ocrx_word' id='word_1_299' title='bbox 1271 2378 1320 2422; x_wconf 90' lang='lat' dir='ltr'><strong>Pp</strong></span> <span class='ocrx_word' id='word_1_300' title='bbox 1325 2377 1544 2421; x_wconf 64' lang='grc' dir='ltr'><strong>ΡτῶΤδμΘλ.</strong></span> 
     </span>
     <span class='ocr_line' id='line_1_36' title="bbox 905 2421 1601 2470; baseline -0.007 -11"><span class='ocrx_word' id='word_1_301' title='bbox 905 2425 1028 2470; x_wconf 75' lang='lat' dir='ltr'><strong>Arg.be</strong></span> <span class='ocrx_word' id='word_1_302' title='bbox 1045 2441 1091 2454; x_wconf 92' lang='lat'>=</span> <span class='ocrx_word' id='word_1_303' title='bbox 1113 2423 1250 2458; x_wconf 72' lang='lat' dir='ltr'><strong>tenebti</strong></span> <span class='ocrx_word' id='word_1_304' title='bbox 1259 2423 1365 2456; x_wconf 86' lang='lat' dir='ltr'><strong>culo</strong></span> <span class='ocrx_word' id='word_1_305' title='bbox 1378 2435 1467 2456; x_wconf 77' lang='lat' dir='ltr'><strong>sam.</strong></span> <span class='ocrx_word' id='word_1_306' title='bbox 1515 2421 1601 2454; x_wconf 78' lang='lat' dir='ltr'><strong>Rell.</strong></span> 
     </span>
     <span class='ocr_line' id='line_1_37' title="bbox 904 2467 1466 2506; baseline -0.009 -2"><span class='ocrx_word' id='word_1_307' title='bbox 904 2483 983 2504; x_wconf 82' lang='lat' dir='ltr'><strong>mss.</strong></span> <span class='ocrx_word' id='word_1_308' title='bbox 997 2472 1062 2506; x_wconf 66' lang='lat' dir='ltr'><strong>Xffl</strong></span> <span class='ocrx_word' id='word_1_309' title='bbox 1073 2487 1120 2496; x_wconf 91' lang='lat'><strong>—·</strong></span> <span class='ocrx_word' id='word_1_310' title='bbox 1130 2471 1164 2505; x_wconf 61' lang='grc' dir='ltr'>ῢ</span> <span class='ocrx_word' id='word_1_311' title='bbox 1177 2485 1222 2500; x_wconf 90' lang='lat'>=</span> <span class='ocrx_word' id='word_1_312' title='bbox 1233 2467 1466 2502; x_wconf 74' lang='lat' dir='ltr'><strong>tenebrosam.</strong></span> 
     </span>
    </p>
   </div>
   <div class='ocr_carea' id='block_1_4' title="bbox 286 1816 729 1863">
    <p class='ocr_par' dir='ltr' id='par_1_4' title="bbox 286 1816 729 1863">
     <span class='ocr_line' id='line_1_38' title="bbox 286 1816 729 1863; baseline -0.011 -10"><span class='ocrx_word' id='word_1_313' title='bbox 286 1819 362 1853; x_wconf 88' lang='lat' dir='ltr'><strong>Lib.</strong></span> <span class='ocrx_word' id='word_1_314' title='bbox 388 1820 428 1854; x_wconf 83' lang='lat' dir='ltr'><strong>v.</strong></span> <span class='ocrx_word' id='word_1_315' title='bbox 476 1819 538 1863; x_wconf 74' lang='lat' dir='ltr'><strong>Ep.</strong></span> <span class='ocrx_word' id='word_1_316' title='bbox 566 1816 619 1850; x_wconf 77' lang='grc' dir='ltr'><strong>ιο.</strong></span> <span class='ocrx_word' id='word_1_317' title='bbox 647 1816 729 1861; x_wconf 77' lang='lat'><strong>(50.)</strong></span> 
     </span>
    </p>
   </div>
   <div class='ocr_carea' id='block_1_5' title="bbox 163 1884 867 2204">
    <p class='ocr_par' dir='ltr' id='par_1_5' title="bbox 163 1884 867 2204">
     <span class='ocr_line' id='line_1_39' title="bbox 210 1884 865 1934; baseline -0.009 -13"><span class='ocrx_word' id='word_1_318' title='bbox 210 1889 291 1921; x_wconf 89' lang='lat' dir='ltr'><strong>P=</strong></span> <span class='ocrx_word' id='word_1_319' title='bbox 303 1899 405 1934; x_wconf 81' lang='lat' dir='ltr'><strong>spero</strong></span> <span class='ocrx_word' id='word_1_320' title='bbox 425 1887 454 1932; x_wconf 92' lang='lat' dir='ltr'><strong>[s</strong></span> <span class='ocrx_word' id='word_1_321' title='bbox 467 1899 474 1919; x_wconf 91' lang='lat'>:</span> <span class='ocrx_word' id='word_1_322' title='bbox 500 1885 548 1931; x_wconf 74' lang='lat' dir='ltr'><strong>si]</strong></span> <span class='ocrx_word' id='word_1_323' title='bbox 573 1894 608 1918; x_wconf 83' lang='lat' dir='ltr'><strong>te</strong></span> <span class='ocrx_word' id='word_1_324' title='bbox 637 1886 741 1918; x_wconf 77' lang='lat' dir='ltr'><strong>scia</strong></span> <span class='ocrx_word' id='word_1_325' title='bbox 752 1897 785 1916; x_wconf 88' lang='lat' dir='ltr'><strong>m</strong></span> <span class='ocrx_word' id='word_1_326' title='bbox 808 1884 865 1916; x_wconf 84' lang='grc' dir='ltr'><strong>νὶ-</strong></span> 
     </span>
     <span class='ocr_line' id='line_1_40' title="bbox 167 1931 867 1978; baseline -0.007 -11"><span class='ocrx_word' id='word_1_327' title='bbox 167 1946 262 1968; x_wconf 80' lang='lat' dir='ltr'><strong>vere.</strong></span> <span class='ocrx_word' id='word_1_328' title='bbox 330 1945 351 1978; x_wconf 93' lang='grc' dir='ltr'><strong>γ</strong></span> <span class='ocrx_word' id='word_1_329' title='bbox 363 1949 410 1963; x_wconf 89' lang='lat'>=</span> <span class='ocrx_word' id='word_1_330' title='bbox 428 1932 632 1976; x_wconf 82' lang='lat' dir='ltr'><strong>ubicumque</strong></span> <span class='ocrx_word' id='word_1_331' title='bbox 658 1942 678 1963; x_wconf 76' lang='lat' dir='ltr'><strong>s</strong></span> <span class='ocrx_word' id='word_1_332' title='bbox 688 1931 703 1963; x_wconf 88' lang='lat' dir='ltr'><strong>i</strong></span> <span class='ocrx_word' id='word_1_333' title='bbox 712 1942 740 1964; x_wconf 79' lang='lat' dir='ltr'><strong>s.</strong></span> <span class='ocrx_word' id='word_1_334' title='bbox 785 1942 802 1964; x_wconf 88' lang='lat'>0</span> <span class='ocrx_word' id='word_1_335' title='bbox 821 1944 867 1958; x_wconf 92' lang='lat'><em>=</em></span> 
     </span>
     <span class='ocr_line' id='line_1_41' title="bbox 169 1975 865 2026; baseline -0.011 -12"><span class='ocrx_word' id='word_1_336' title='bbox 169 1979 374 2026; x_wconf 80' lang='lat' dir='ltr'><strong>ubicumque</strong></span> <span class='ocrx_word' id='word_1_337' title='bbox 405 1992 424 2013; x_wconf 83' lang='lat' dir='ltr'><strong>e</strong></span> <span class='ocrx_word' id='word_1_338' title='bbox 433 1990 463 2012; x_wconf 76' lang='lat' dir='ltr'><strong>s.</strong></span> <span class='ocrx_word' id='word_1_339' title='bbox 532 1978 631 2022; x_wconf 73' lang='lat' dir='ltr'><strong>ana</strong></span> <span class='ocrx_word' id='word_1_340' title='bbox 640 1975 865 2010; x_wconf 85' lang='lat' dir='ltr'><strong>TAGerEB</strong></span> 
     </span>
     <span class='ocr_line' id='line_1_42' title="bbox 164 2021 865 2069; baseline -0.009 -10"><span class='ocrx_word' id='word_1_341' title='bbox 164 2040 210 2055; x_wconf 91' lang='lat'>=</span> <span class='ocrx_word' id='word_1_342' title='bbox 219 2027 313 2069; x_wconf 83' lang='lat' dir='ltr'><strong>Quid</strong></span> <span class='ocrx_word' id='word_1_343' title='bbox 325 2022 430 2058; x_wconf 83' lang='lat' dir='ltr'><strong>&#39;enim</strong></span> <span class='ocrx_word' id='word_1_344' title='bbox 451 2024 553 2056; x_wconf 75' lang='lat' dir='ltr'><strong>aliud</strong></span> <span class='ocrx_word' id='word_1_345' title='bbox 575 2022 688 2068; x_wconf 79' lang='lat' dir='ltr'><strong>agis.</strong></span> <span class='ocrx_word' id='word_1_346' title='bbox 731 2022 766 2057; x_wconf 73' lang='grc' dir='ltr'>θῖ</span> <span class='ocrx_word' id='word_1_347' title='bbox 775 2021 865 2055; x_wconf 64' lang='grc' dir='ltr'><strong>-ἓζ</strong></span> 
     </span>
     <span class='ocr_line' id='line_1_43' title="bbox 163 2068 863 2114; baseline -0.009 -10"><span class='ocrx_word' id='word_1_348' title='bbox 163 2072 305 2114; x_wconf 68' lang='lat' dir='ltr'><em>:Quid</em></span> <span class='ocrx_word' id='word_1_349' title='bbox 326 2083 345 2103; x_wconf 85' lang='lat' dir='ltr'><strong>e</strong></span> <span class='ocrx_word' id='word_1_350' title='bbox 355 2079 370 2103; x_wconf 80' lang='grc' dir='ltr'><em>ι</em></span> <span class='ocrx_word' id='word_1_351' title='bbox 380 2084 399 2103; x_wconf 87' lang='lat' dir='ltr'><strong>e</strong></span> <span class='ocrx_word' id='word_1_352' title='bbox 408 2071 481 2102; x_wconf 83' lang='lat' dir='ltr'><strong>nim</strong></span> <span class='ocrx_word' id='word_1_353' title='bbox 492 2069 594 2102; x_wconf 85' lang='lat' dir='ltr'><strong>aliud</strong></span> <span class='ocrx_word' id='word_1_354' title='bbox 613 2068 726 2113; x_wconf 78' lang='lat' dir='ltr'><strong>agis.</strong></span> <span class='ocrx_word' id='word_1_355' title='bbox 783 2068 863 2108; x_wconf 73' lang='lat' dir='ltr'><strong>Arg.</strong></span> 
     </span>
     <span class='ocr_line' id='line_1_44' title="bbox 163 2112 863 2159; baseline -0.013 -10"><span class='ocrx_word' id='word_1_356' title='bbox 163 2116 186 2149; x_wconf 91' lang='lat' dir='ltr'><strong>b</strong></span> <span class='ocrx_word' id='word_1_357' title='bbox 195 2131 240 2145; x_wconf 84' lang='lat'>=</span> <span class='ocrx_word' id='word_1_358' title='bbox 251 2129 301 2148; x_wconf 84' lang='lat' dir='ltr'><strong>ex</strong></span> <span class='ocrx_word' id='word_1_359' title='bbox 311 2124 326 2148; x_wconf 75' lang='lat' dir='ltr'><strong>t</strong></span> <span class='ocrx_word' id='word_1_360' title='bbox 337 2129 356 2149; x_wconf 86' lang='lat' dir='ltr'><strong>e</strong></span> <span class='ocrx_word' id='word_1_361' title='bbox 364 2114 520 2148; x_wconf 75' lang='lat' dir='ltr'><strong>rioribus</strong></span> <span class='ocrx_word' id='word_1_362' title='bbox 546 2124 673 2159; x_wconf 74' lang='lat' dir='ltr'><strong>ponas.</strong></span> <span class='ocrx_word' id='word_1_363' title='bbox 706 2112 806 2149; x_wconf 60' lang='grc' dir='ltr'><strong>ηιᾰῖ.</strong></span> <span class='ocrx_word' id='word_1_364' title='bbox 818 2125 863 2140; x_wconf 81' lang='lat'>=</span> 
     </span>
     <span class='ocr_line' id='line_1_45' title="bbox 164 2160 655 2204; baseline -0.01 -9"><span class='ocrx_word' id='word_1_365' title='bbox 164 2174 208 2195; x_wconf 82' lang='lat' dir='ltr'><strong>ex</strong></span> <span class='ocrx_word' id='word_1_366' title='bbox 228 2160 508 2194; x_wconf 72' lang='lat' dir='ltr'><strong>terroribus</strong></span> <span class='ocrx_word' id='word_1_367' title='bbox 529 2169 655 2204; x_wconf 72' lang='lat' dir='ltr'><strong>ponas.</strong></span> 
     </span>
    </p>
   </div>
   <div class='ocr_carea' id='block_1_6' title="bbox 168 2212 863 2312">
    <p class='ocr_par' dir='ltr' id='par_1_6' title="bbox 168 2212 863 2312">
     <span class='ocr_line' id='line_1_46' title="bbox 208 2212 748 2261; baseline -0.013 -10"><span class='ocrx_word' id='word_1_368' title='bbox 208 2218 390 2261; x_wconf 85' lang='lat' dir='ltr'><strong>Quaedam</strong></span> <span class='ocrx_word' id='word_1_369' title='bbox 409 2217 514 2249; x_wconf 87' lang='lat' dir='ltr'><strong>enim.</strong></span> <span class='ocrx_word' id='word_1_370' title='bbox 551 2215 577 2246; x_wconf 92' lang='lat' dir='ltr'>B</span> <span class='ocrx_word' id='word_1_371' title='bbox 587 2231 633 2238; x_wconf 92' lang='lat'><strong>-—</strong></span> <span class='ocrx_word' id='word_1_372' title='bbox 644 2212 748 2245; x_wconf 81' lang='lat' dir='ltr'><strong>enim.</strong></span> 
     </span>
     <span class='ocr_line' id='line_1_47' title="bbox 168 2267 863 2312; baseline -0.012 -4"><span class='ocrx_word' id='word_1_373' title='bbox 168 2274 172 2277; x_wconf 70' lang='grc'><strong>“</strong></span> <span class='ocrx_word' id='word_1_374' title='bbox 206 2274 469 2308; x_wconf 78' lang='lat' dir='ltr'><strong>transierimus.</strong></span> <span class='ocrx_word' id='word_1_375' title='bbox 491 2270 569 2304; x_wconf 90' lang='lat' dir='ltr'><strong>Pr.b</strong></span> <span class='ocrx_word' id='word_1_376' title='bbox 580 2285 625 2298; x_wconf 95' lang='lat'><strong><em>=</em></strong></span> <span class='ocrx_word' id='word_1_377' title='bbox 635 2277 740 2302; x_wconf 75' lang='lat' dir='ltr'><strong>trans</strong></span> <span class='ocrx_word' id='word_1_378' title='bbox 746 2267 774 2312; x_wconf 81' lang='lat' dir='ltr'><strong>f&#39;</strong></span> <span class='ocrx_word' id='word_1_379' title='bbox 778 2280 797 2301; x_wconf 84' lang='lat' dir='ltr'><strong>e</strong></span> <span class='ocrx_word' id='word_1_380' title='bbox 806 2268 863 2300; x_wconf 87' lang='lat' dir='ltr'><strong>ri-</strong></span> 
     </span>
    </p>
   </div>
   <div class='ocr_carea' id='block_1_7' title="bbox 161 2313 861 2400">
    <p class='ocr_par' dir='ltr' id='par_1_7' title="bbox 161 2313 861 2400">
     <span class='ocr_line' id='line_1_48' title="bbox 161 2313 861 2365; baseline -0.011 -12"><span class='ocrx_word' id='word_1_381' title='bbox 161 2332 249 2354; x_wconf 79' lang='lat' dir='ltr'><strong>mus.</strong></span> <span class='ocrx_word' id='word_1_382' title='bbox 274 2320 556 2365; x_wconf 68' lang='grc' dir='ltr'>ΡηαΤαβδεμοπτ</span> <span class='ocrx_word' id='word_1_383' title='bbox 566 2331 612 2345; x_wconf 92' lang='lat'>=</span> <span class='ocrx_word' id='word_1_384' title='bbox 623 2313 762 2360; x_wconf 76' lang='lat' dir='ltr'><strong>transf</strong></span> <span class='ocrx_word' id='word_1_385' title='bbox 766 2326 785 2346; x_wconf 82' lang='lat' dir='ltr'><strong>e</strong></span> <span class='ocrx_word' id='word_1_386' title='bbox 794 2325 814 2346; x_wconf 85' lang='grc' dir='ltr'><strong>ι·</strong></span> <span class='ocrx_word' id='word_1_387' title='bbox 824 2313 861 2346; x_wconf 90' lang='lat' dir='ltr'><strong>i-</strong></span> 
     </span>
     <span class='ocr_line' id='line_1_49' title="bbox 161 2378 265 2400; baseline 0.01 -1"><span class='ocrx_word' id='word_1_388' title='bbox 161 2378 194 2399; x_wconf 78' lang='lat' dir='ltr'><strong>m</strong></span> <span class='ocrx_word' id='word_1_389' title='bbox 202 2378 226 2398; x_wconf 80' lang='lat' dir='ltr'><em>u</em></span> <span class='ocrx_word' id='word_1_390' title='bbox 235 2378 265 2400; x_wconf 70' lang='grc' dir='ltr'><strong>Γ.</strong></span> 
     </span>
    </p>
   </div>
   <div class='ocr_carea' id='block_1_8' title="bbox 161 2415 860 2512">
    <p class='ocr_par' dir='ltr' id='par_1_8' title="bbox 161 2415 860 2512">
     <span class='ocr_line' id='line_1_50' title="bbox 205 2415 860 2462; baseline -0.011 -7"><span class='ocrx_word' id='word_1_391' title='bbox 205 2420 239 2456; x_wconf 84' lang='lat'><strong>2.</strong></span> <span class='ocrx_word' id='word_1_392' title='bbox 262 2421 405 2455; x_wconf 67' lang='lat' dir='ltr'><strong>PmGP</strong></span> <span class='ocrx_word' id='word_1_393' title='bbox 417 2419 449 2454; x_wconf 85' lang='lat'><strong>1.</strong></span> <span class='ocrx_word' id='word_1_394' title='bbox 458 2417 494 2453; x_wconf 82' lang='grc'><strong>3.</strong></span> <span class='ocrx_word' id='word_1_395' title='bbox 503 2415 536 2453; x_wconf 78' lang='grc'><strong>4.</strong></span> <span class='ocrx_word' id='word_1_396' title='bbox 558 2418 629 2451; x_wconf 89' lang='lat' dir='ltr'><strong>Col.</strong></span> <span class='ocrx_word' id='word_1_397' title='bbox 641 2432 687 2446; x_wconf 94' lang='lat'>=</span> <span class='ocrx_word' id='word_1_398' title='bbox 702 2418 809 2462; x_wconf 81' lang='lat' dir='ltr'><strong>Har-p</strong></span> <span class='ocrx_word' id='word_1_399' title='bbox 819 2428 860 2449; x_wconf 89' lang='lat' dir='ltr'><strong>e-</strong></span> 
     </span>
     <span class='ocr_line' id='line_1_51' title="bbox 161 2463 860 2512; baseline -0.011 -10"><span class='ocrx_word' id='word_1_400' title='bbox 161 2476 251 2502; x_wconf 69' lang='lat' dir='ltr'><strong>scen.</strong></span> <span class='ocrx_word' id='word_1_401' title='bbox 289 2468 357 2511; x_wconf 88' lang='lat' dir='ltr'><strong>(Ar</strong></span> <span class='ocrx_word' id='word_1_402' title='bbox 366 2479 391 2512; x_wconf 85' lang='lat' dir='ltr'><strong>p</strong></span> <span class='ocrx_word' id='word_1_403' title='bbox 402 2479 422 2500; x_wconf 87' lang='lat' dir='ltr'><strong>e</strong></span> <span class='ocrx_word' id='word_1_404' title='bbox 432 2479 450 2499; x_wconf 79' lang='lat' dir='ltr'><strong>s</strong></span> <span class='ocrx_word' id='word_1_405' title='bbox 459 2474 474 2498; x_wconf 78' lang='lat' dir='ltr'><strong>t</strong></span> <span class='ocrx_word' id='word_1_406' title='bbox 484 2478 502 2498; x_wconf 88' lang='lat' dir='ltr'><strong>e</strong></span> <span class='ocrx_word' id='word_1_407' title='bbox 513 2463 572 2507; x_wconf 80' lang='lat' dir='ltr'><strong>m.)</strong></span> <span class='ocrx_word' id='word_1_408' title='bbox 643 2465 688 2508; x_wconf 86' lang='grc' dir='ltr'><strong>αβ</strong></span> <span class='ocrx_word' id='word_1_409' title='bbox 705 2477 751 2491; x_wconf 88' lang='lat'>=</span> <span class='ocrx_word' id='word_1_410' title='bbox 770 2473 860 2495; x_wconf 86' lang='lat' dir='ltr'><strong>uxo—</strong></span> 
     </span>
    </p>
   </div>
   <div class='ocr_carea' id='block_1_9' title="bbox 156 2508 860 2842">
    <p class='ocr_par' dir='ltr' id='par_1_9' title="bbox 156 2508 860 2842">
     <span class='ocr_line' id='line_1_52' title="bbox 159 2508 860 2557; baseline -0.01 -10"><span class='ocrx_word' id='word_1_411' title='bbox 159 2526 180 2547; x_wconf 85' lang='grc'><strong>1·</strong></span> <span class='ocrx_word' id='word_1_412' title='bbox 190 2527 210 2546; x_wconf 86' lang='lat' dir='ltr'><strong>e</strong></span> <span class='ocrx_word' id='word_1_413' title='bbox 221 2526 254 2546; x_wconf 89' lang='lat' dir='ltr'><strong>m</strong></span> <span class='ocrx_word' id='word_1_414' title='bbox 285 2525 339 2545; x_wconf 84' lang='lat' dir='ltr'><strong>me</strong></span> <span class='ocrx_word' id='word_1_415' title='bbox 348 2524 371 2544; x_wconf 91' lang='lat' dir='ltr'><strong>a</strong></span> <span class='ocrx_word' id='word_1_416' title='bbox 381 2524 416 2544; x_wconf 93' lang='lat' dir='ltr'><strong>m</strong></span> <span class='ocrx_word' id='word_1_417' title='bbox 438 2510 599 2557; x_wconf 83' lang='lat' dir='ltr'><strong>fatuam.</strong></span> <span class='ocrx_word' id='word_1_418' title='bbox 652 2520 669 2543; x_wconf 87' lang='grc' dir='ltr'><strong>ο</strong></span> <span class='ocrx_word' id='word_1_419' title='bbox 678 2524 723 2538; x_wconf 88' lang='lat'>=</span> <span class='ocrx_word' id='word_1_420' title='bbox 735 2508 860 2541; x_wconf 76' lang='lat' dir='ltr'><strong>uxoris</strong></span> 
     </span>
     <span class='ocr_line' id='line_1_53' title="bbox 160 2553 720 2602; baseline -0.013 -9"><span class='ocrx_word' id='word_1_421' title='bbox 160 2571 259 2593; x_wconf 84' lang='lat' dir='ltr'><strong>meae</strong></span> <span class='ocrx_word' id='word_1_422' title='bbox 278 2557 323 2602; x_wconf 82' lang='lat' dir='ltr'><strong>fa</strong></span> <span class='ocrx_word' id='word_1_423' title='bbox 332 2566 347 2591; x_wconf 75' lang='lat' dir='ltr'><strong>t</strong></span> <span class='ocrx_word' id='word_1_424' title='bbox 358 2570 381 2590; x_wconf 87' lang='lat' dir='ltr'><em>u</em></span> <span class='ocrx_word' id='word_1_425' title='bbox 392 2569 415 2590; x_wconf 90' lang='grc' dir='ltr'><em>α</em></span> <span class='ocrx_word' id='word_1_426' title='bbox 425 2570 456 2590; x_wconf 85' lang='lat' dir='ltr'><strong>e.</strong></span> <span class='ocrx_word' id='word_1_427' title='bbox 478 2557 505 2588; x_wconf 90' lang='lat' dir='ltr'>B</span> <span class='ocrx_word' id='word_1_428' title='bbox 515 2575 560 2582; x_wconf 90' lang='lat'>—</span> <span class='ocrx_word' id='word_1_429' title='bbox 559 2553 720 2601; x_wconf 73' lang='lat' dir='ltr'><strong>fatuam.</strong></span> 
     </span>
     <span class='ocr_line' id='line_1_54' title="bbox 205 2607 856 2654; baseline -0.006 -6"><span class='ocrx_word' id='word_1_430' title='bbox 205 2615 445 2648; x_wconf 74' lang='lat' dir='ltr'><strong>avarissimus</strong></span> <span class='ocrx_word' id='word_1_431' title='bbox 454 2623 584 2644; x_wconf 83' lang='lat' dir='ltr'><strong>=mss.</strong></span> <span class='ocrx_word' id='word_1_432' title='bbox 598 2610 698 2644; x_wconf 84' lang='lat' dir='ltr'><strong>etiam</strong></span> <span class='ocrx_word' id='word_1_433' title='bbox 712 2611 768 2643; x_wconf 89' lang='lat' dir='ltr'><strong>Gr.</strong></span> <span class='ocrx_word' id='word_1_434' title='bbox 785 2607 856 2654; x_wconf 77' lang='lat'><strong>(1³4.</strong></span> 
     </span>
     <span class='ocr_line' id='line_1_55' title="bbox 159 2657 856 2701; baseline -0.004 -8"><span class='ocrx_word' id='word_1_435' title='bbox 159 2675 204 2689; x_wconf 90' lang='lat'>=</span> <span class='ocrx_word' id='word_1_436' title='bbox 214 2673 238 2693; x_wconf 88' lang='lat' dir='ltr'><strong>a</strong></span> <span class='ocrx_word' id='word_1_437' title='bbox 247 2672 281 2692; x_wconf 91' lang='lat' dir='ltr'><strong>m</strong></span> <span class='ocrx_word' id='word_1_438' title='bbox 292 2672 316 2692; x_wconf 85' lang='lat' dir='ltr'><strong>a</strong></span> <span class='ocrx_word' id='word_1_439' title='bbox 326 2658 504 2701; x_wconf 66' lang='lat' dir='ltr'><strong>tissimus)</strong></span> <span class='ocrx_word' id='word_1_440' title='bbox 536 2658 626 2690; x_wconf 76' lang='lat' dir='ltr'><strong>Erm-</strong></span> <span class='ocrx_word' id='word_1_441' title='bbox 648 2657 713 2691; x_wconf 67' lang='lat' dir='ltr'><strong>Iffi</strong></span> <span class='ocrx_word' id='word_1_442' title='bbox 723 2674 769 2681; x_wconf 92' lang='grc'>-</span> <span class='ocrx_word' id='word_1_443' title='bbox 780 2657 809 2690; x_wconf 68' lang='grc' dir='ltr'><strong>(ξ</strong></span> <span class='ocrx_word' id='word_1_444' title='bbox 821 2658 856 2692; x_wconf 83' lang='grc'><strong>2.</strong></span> 
     </span>
     <span class='ocr_line' id='line_1_56' title="bbox 158 2701 856 2746; baseline -0.01 -4"><span class='ocrx_word' id='word_1_445' title='bbox 158 2707 292 2741; x_wconf 62' lang='lat' dir='ltr'><strong>ffluffllo.</strong></span> <span class='ocrx_word' id='word_1_446' title='bbox 364 2704 412 2736; x_wconf 84' lang='lat' dir='ltr'><strong>Gi.</strong></span> <span class='ocrx_word' id='word_1_447' title='bbox 429 2703 516 2737; x_wconf 82' lang='lat' dir='ltr'><strong>Rod.</strong></span> <span class='ocrx_word' id='word_1_448' title='bbox 535 2701 645 2746; x_wconf 80' lang='lat' dir='ltr'><strong>Agric.</strong></span> <span class='ocrx_word' id='word_1_449' title='bbox 658 2701 684 2736; x_wconf 62' lang='lat' dir='ltr'><strong>Q</strong></span> <span class='ocrx_word' id='word_1_450' title='bbox 694 2701 856 2737; x_wconf 57' lang='lat' dir='ltr'><strong>—ffilss</strong></span> 
     </span>
     <span class='ocr_line' id='line_1_57' title="bbox 157 2746 857 2791; baseline -0.01 -6"><span class='ocrx_word' id='word_1_451' title='bbox 157 2767 204 2780; x_wconf 94' lang='lat'><strong><em>=</em></strong></span> <span class='ocrx_word' id='word_1_452' title='bbox 214 2763 282 2785; x_wconf 84' lang='lat' dir='ltr'><strong>ave</strong></span> <span class='ocrx_word' id='word_1_453' title='bbox 292 2764 310 2784; x_wconf 88' lang='lat' dir='ltr'><strong>r</strong></span> <span class='ocrx_word' id='word_1_454' title='bbox 320 2751 364 2784; x_wconf 72' lang='lat' dir='ltr'><strong>si</strong></span> <span class='ocrx_word' id='word_1_455' title='bbox 375 2762 394 2783; x_wconf 79' lang='lat' dir='ltr'><strong>s</strong></span> <span class='ocrx_word' id='word_1_456' title='bbox 406 2762 424 2783; x_wconf 76' lang='lat' dir='ltr'><strong>s</strong></span> <span class='ocrx_word' id='word_1_457' title='bbox 434 2751 539 2782; x_wconf 76' lang='lat' dir='ltr'><strong>imus.</strong></span> <span class='ocrx_word' id='word_1_458' title='bbox 596 2746 642 2781; x_wconf 85' lang='lat' dir='ltr'><strong>ab</strong></span> <span class='ocrx_word' id='word_1_459' title='bbox 654 2747 738 2780; x_wconf 75' lang='lat' dir='ltr'><strong>istis</strong></span> <span class='ocrx_word' id='word_1_460' title='bbox 754 2746 857 2791; x_wconf 84' lang='lat' dir='ltr'><strong>prod.</strong></span> 
     </span>
     <span class='ocr_line' id='line_1_58' title="bbox 156 2790 857 2842; baseline -0.009 -13"><span class='ocrx_word' id='word_1_461' title='bbox 156 2798 177 2829; x_wconf 88' lang='lat' dir='ltr'><strong>i.</strong></span> <span class='ocrx_word' id='word_1_462' title='bbox 200 2809 230 2830; x_wconf 82' lang='lat' dir='ltr'><strong>e.</strong></span> <span class='ocrx_word' id='word_1_463' title='bbox 252 2796 345 2842; x_wconf 84' lang='lat' dir='ltr'><strong>quod</strong></span> <span class='ocrx_word' id='word_1_464' title='bbox 365 2796 414 2828; x_wconf 85' lang='lat' dir='ltr'><strong>ad</strong></span> <span class='ocrx_word' id='word_1_465' title='bbox 434 2796 509 2828; x_wconf 71' lang='lat' dir='ltr'><strong>isui</strong></span> <span class='ocrx_word' id='word_1_466' title='bbox 524 2793 629 2839; x_wconf 82' lang='lat' dir='ltr'><strong>prod.</strong></span> <span class='ocrx_word' id='word_1_467' title='bbox 643 2792 785 2826; x_wconf 76' lang='lat' dir='ltr'><strong>attinet.</strong></span> <span class='ocrx_word' id='word_1_468' title='bbox 811 2790 857 2824; x_wconf 82' lang='lat' dir='ltr'><strong>ef.</strong></span> 
     </span>
    </p>
   </div>
   <div class='ocr_carea' id='block_1_10' title="bbox 157 2838 569 2884">
    <p class='ocr_par' dir='ltr' id='par_1_10' title="bbox 157 2838 569 2884">
     <span class='ocr_line' id='line_1_59' title="bbox 157 2838 569 2884; baseline -0.007 -9"><span class='ocrx_word' id='word_1_469' title='bbox 157 2842 268 2876; x_wconf 81' lang='lat' dir='ltr'><strong>Hand.</strong></span> <span class='ocrx_word' id='word_1_470' title='bbox 286 2843 383 2876; x_wconf 71' lang='lat' dir='ltr'><strong>Turs-</strong></span> <span class='ocrx_word' id='word_1_471' title='bbox 407 2842 433 2873; x_wconf 91' lang='grc' dir='ltr'><strong>Ι.</strong></span> <span class='ocrx_word' id='word_1_472' title='bbox 458 2852 491 2884; x_wconf 83' lang='lat' dir='ltr'><strong>p.</strong></span> <span class='ocrx_word' id='word_1_473' title='bbox 513 2838 569 2874; x_wconf 84' lang='lat'><strong>57.</strong></span> 
     </span>
    </p>
   </div>
   <div class='ocr_carea' id='block_1_11' title="bbox 904 2515 1603 2692">
    <p class='ocr_par' dir='ltr' id='par_1_11' title="bbox 904 2515 1603 2692">
     <span class='ocr_line' id='line_1_60' title="bbox 948 2515 1603 2551; baseline -0.011 -1"><span class='ocrx_word' id='word_1_474' title='bbox 948 2515 983 2550; x_wconf 87' lang='lat'><strong>3.</strong></span> <span class='ocrx_word' id='word_1_475' title='bbox 996 2540 1000 2546; x_wconf 81' lang='lat'><em>‚</em></span> <span class='ocrx_word' id='word_1_476' title='bbox 1019 2527 1054 2551; x_wconf 85' lang='grc' dir='ltr'><strong>εο</strong></span> <span class='ocrx_word' id='word_1_477' title='bbox 1070 2530 1116 2545; x_wconf 91' lang='lat'>=</span> <span class='ocrx_word' id='word_1_478' title='bbox 1131 2515 1174 2549; x_wconf 90' lang='lat' dir='ltr'><em>N</em></span> <span class='ocrx_word' id='word_1_479' title='bbox 1171 2526 1245 2549; x_wconf 86' lang='lat' dir='ltr'><strong>emo</strong></span> <span class='ocrx_word' id='word_1_480' title='bbox 1275 2526 1315 2547; x_wconf 72' lang='lat' dir='ltr'><strong>se</strong></span> <span class='ocrx_word' id='word_1_481' title='bbox 1344 2523 1493 2547; x_wconf 76' lang='lat' dir='ltr'><strong>avarum</strong></span> <span class='ocrx_word' id='word_1_482' title='bbox 1525 2522 1603 2544; x_wconf 73' lang='lat' dir='ltr'><strong>esse</strong></span> 
     </span>
     <span class='ocr_line' id='line_1_61' title="bbox 904 2558 1601 2608; baseline -0.01 -13"><span class='ocrx_word' id='word_1_483' title='bbox 904 2563 1170 2608; x_wconf 69' lang='lat' dir='ltr'><strong>cognoscit.</strong></span> <span class='ocrx_word' id='word_1_484' title='bbox 1249 2558 1601 2604; x_wconf 70' lang='lat' dir='ltr'><strong>p=Caecitatem</strong></span> 
     </span>
     <span class='ocr_line' id='line_1_62' title="bbox 904 2600 1600 2654; baseline -0.011 -13"><span class='ocrx_word' id='word_1_485' title='bbox 904 2609 1027 2641; x_wconf 82' lang='lat' dir='ltr'><strong>ducem</strong></span> <span class='ocrx_word' id='word_1_486' title='bbox 1054 2612 1242 2654; x_wconf 77' lang='lat' dir='ltr'><strong>quaerunt.</strong></span> <span class='ocrx_word' id='word_1_487' title='bbox 1304 2606 1331 2638; x_wconf 88' lang='lat' dir='ltr'><strong>P</strong></span> <span class='ocrx_word' id='word_1_488' title='bbox 1341 2622 1388 2630; x_wconf 93' lang='lat'><strong>-—</strong></span> <span class='ocrx_word' id='word_1_489' title='bbox 1397 2612 1497 2636; x_wconf 77' lang='lat' dir='ltr'><strong>nemo</strong></span> <span class='ocrx_word' id='word_1_490' title='bbox 1525 2600 1600 2634; x_wconf 83' lang='lat' dir='ltr'><strong>ali-</strong></span> 
     </span>
     <span class='ocr_line' id='line_1_63' title="bbox 904 2649 1601 2692; baseline -0.011 -6"><span class='ocrx_word' id='word_1_491' title='bbox 904 2661 960 2686; x_wconf 82' lang='lat' dir='ltr'><strong>ter</strong></span> <span class='ocrx_word' id='word_1_492' title='bbox 990 2655 1130 2686; x_wconf 80' lang='lat' dir='ltr'><strong>Romae</strong></span> <span class='ocrx_word' id='word_1_493' title='bbox 1139 2671 1182 2677; x_wconf 90' lang='lat'><strong>—-</strong></span> <span class='ocrx_word' id='word_1_494' title='bbox 1193 2651 1268 2685; x_wconf 69' lang='lat' dir='ltr'><strong>sed.</strong></span> <span class='ocrx_word' id='word_1_495' title='bbox 1345 2649 1420 2682; x_wconf 60' lang='lat' dir='ltr'><strong>Pan</strong></span> <span class='ocrx_word' id='word_1_496' title='bbox 1430 2664 1477 2672; x_wconf 90' lang='lat'><strong>—-</strong></span> <span class='ocrx_word' id='word_1_497' title='bbox 1481 2653 1601 2692; x_wconf 73' lang='lat' dir='ltr'><strong>potest</strong></span> 
     </span>
    </p>
   </div>
   <div class='ocr_carea' id='block_1_12' title="bbox 904 2700 1600 2789">
    <p class='ocr_par' dir='ltr' id='par_1_12' title="bbox 904 2700 1600 2789">
     <span class='ocr_line' id='line_1_64' title="bbox 904 2700 1037 2732; baseline -0.015 0"><span class='ocrx_word' id='word_1_498' title='bbox 904 2700 1037 2732; x_wconf 74' lang='lat' dir='ltr'><strong>vivere.</strong></span> 
     </span>
     <span class='ocr_line' id='line_1_65' title="bbox 950 2735 1600 2789; baseline -0.011 -12"><span class='ocrx_word' id='word_1_499' title='bbox 950 2751 1173 2789; x_wconf 72' lang='lat' dir='ltr'><strong>sumptuosus</strong></span> <span class='ocrx_word' id='word_1_500' title='bbox 1204 2750 1291 2773; x_wconf 72' lang='lat' dir='ltr'><strong>sum.</strong></span> <span class='ocrx_word' id='word_1_501' title='bbox 1335 2737 1431 2774; x_wconf 58' lang='lat'>2131·</span> <span class='ocrx_word' id='word_1_502' title='bbox 1441 2752 1489 2761; x_wconf 90' lang='grc'><strong>-·</strong></span> <span class='ocrx_word' id='word_1_503' title='bbox 1498 2735 1543 2771; x_wconf 57' lang='grc' dir='ltr'><strong>Μ</strong></span> <span class='ocrx_word' id='word_1_504' title='bbox 1554 2753 1600 2760; x_wconf 94' lang='grc'><strong>-</strong></span> 
     </span>
    </p>
   </div>
   <div class='ocr_carea' id='block_1_13' title="bbox 903 2780 1598 2880">
    <p class='ocr_par' dir='ltr' id='par_1_13' title="bbox 903 2780 1598 2880">
     <span class='ocr_line' id='line_1_66' title="bbox 903 2780 1598 2826; baseline -0.013 -3"><span class='ocrx_word' id='word_1_505' title='bbox 903 2801 991 2823; x_wconf 75' lang='lat' dir='ltr'><strong>sum.</strong></span> <span class='ocrx_word' id='word_1_506' title='bbox 1059 2788 1150 2821; x_wconf 88' lang='lat' dir='ltr'><strong>TGB</strong></span> <span class='ocrx_word' id='word_1_507' title='bbox 1175 2782 1328 2818; x_wconf 79' lang='lat' dir='ltr'><strong>nonnulli</strong></span> <span class='ocrx_word' id='word_1_508' title='bbox 1345 2782 1423 2826; x_wconf 68' lang='lat' dir='ltr'>pr</span> <span class='ocrx_word' id='word_1_509' title='bbox 1436 2795 1484 2811; x_wconf 85' lang='lat'><strong>==</strong></span> <span class='ocrx_word' id='word_1_510' title='bbox 1502 2780 1598 2815; x_wconf 79' lang='lat' dir='ltr'><strong>adol.</strong></span> 
     </span>
     <span class='ocr_line' id='line_1_67' title="bbox 904 2826 1453 2880; baseline -0.015 -12"><span class='ocrx_word' id='word_1_511' title='bbox 904 2835 927 2868; x_wconf 82' lang='grc' dir='ltr'><strong>Ιι</strong></span> <span class='ocrx_word' id='word_1_512' title='bbox 939 2847 959 2868; x_wconf 92' lang='lat'><em>0</em></span> <span class='ocrx_word' id='word_1_513' title='bbox 968 2846 988 2867; x_wconf 85' lang='lat' dir='ltr'><strong>c</strong></span> <span class='ocrx_word' id='word_1_514' title='bbox 999 2833 1110 2880; x_wconf 79' lang='lat' dir='ltr'><strong>facit.</strong></span> <span class='ocrx_word' id='word_1_515' title='bbox 1139 2832 1221 2865; x_wconf 77' lang='lat' dir='ltr'><strong>E=</strong></span> <span class='ocrx_word' id='word_1_516' title='bbox 1232 2829 1321 2863; x_wconf 79' lang='lat' dir='ltr'><strong>haec</strong></span> <span class='ocrx_word' id='word_1_517' title='bbox 1333 2826 1393 2874; x_wconf 84' lang='lat' dir='ltr'><strong>fu</strong></span> <span class='ocrx_word' id='word_1_518' title='bbox 1402 2828 1417 2860; x_wconf 89' lang='lat' dir='ltr'><strong>i</strong></span> <span class='ocrx_word' id='word_1_519' title='bbox 1426 2835 1453 2861; x_wconf 74' lang='grc' dir='ltr'><strong>ι.</strong></span> 
     </span>
    </p>
   </div>
  </div>
 </body>
</html>
