1742 3094
127 385 158 411 Γ.)

175 180 252 222 198

620 180 665 220 L.
695 180 894 221 ANNAEI
924 180 1156 221 SENECAE

177 291 450 332 bus'aedificia
476 291 739 334 excitauerint
769 293 866 335 locis
898 300 937 335 et
967 293 1120 349 qualia:
1151 293 1254 335 scies
1275 308 1355 336 non
1372 295 1485 338 uillas
1507 309 1612 348 esse,

177 359 246 400 sed
269 365 412 400 castra.
457 358 731 402 Habitaturum
753 369 794 402 tu
811 368 925 417 putas
947 376 1130 416 umquam
1147 362 1270 404 fuisse
1289 362 1329 403 in
1349 363 1475 404 micea
1495 361 1616 406 Cato-

175 441 263 468 nem
280 458 292 478 ‚
339 433 380 468 ut
412 428 738 484 praeuauigantes
773 430 969 470 adulteras
1006 429 1272 471 dinumeraret
1306 437 1346 472 et
1374 435 1434 472 tut
1468 445 1616 486 genera

175 495 403 551 cymbarum
422 495 543 537 uariis
576 497 772 538 coloribus
797 497 900 552 picta
927 504 966 538 et
996 497 1213 539 fluitantem
1234 505 1317 540 toto
1348 498 1437 540 lacu
1464 513 1612 552 rosam,

174 570 217 604 ut
238 563 391 605 audiret
404 564 630 606 canentium
649 572 841 606 nocturna
861 565 1038 607 conuicia
1051 567 1070 606 ’.Ρ
1098 579 1230 607 nonne
1250 580 1410 608 manere
1429 567 1496 608 ille
1511 567 1617 609 intra

174 631 317 672 uallum
337 632 553 684 maluisset,
574 632 676 687 quod
695 633 737 674 in
758 647 876 675 unam
897 640 1051 675 noctem
1074 647 1193 675 manu
1212 647 1286 675 sua
1301 634 1386 690 ipse
1408 635 1616 677 duxisset?

172 722 255 754 Pr.a
278 736 325 750 =
349 722 600 767 eligerent
622 741 667 747 —
692 724 875 757 excitave-

172 779 192 798 ν
201 778 224 799 u
235 778 257 798 n
269 775 295 799 ι.

218 812 311 845 scies
322 827 368 840 =
379 824 457 854 mss.
485 813 570 856 (exc.
591 813 732 857 Pnaeo)
746 814 779 848 ffi
790 833 830 838 -—
840 815 873 850 Q

175 858 223 893 &0
281 858 410 892 Pnaeo
421 859 515 896 XOEI.
529 859 849 894 -Ψῖαεεσίαε,

218 904 303 935 A=
315 915 339 936 n
352 915 372 936 o
383 915 406 935 n
430 912 564 937 castra.

222 952 275 987 ¹2-
308 950 339 982 T
351 965 397 977 =
411 949 548 982 Habita
558 958 573 982 t
585 962 604 982 υ
614 951 660 983 ri
680 959 719 983 tu
750 959 870 997 putas.

173 993 203 1027 Ἱί
213 1009 259 1021 ==
268 1005 292 1025 n
304 1006 327 1026 u
336 1007 370 1027 m
381 1007 495 1039 quom.

174 1066 178 1069 Α
220 1040 258 1072 in
281 1040 447 1073 micea=
458 1041 506 1075 Ξ.
532 1039 624 1083 Lips.
640 1040 680 1072 ci.
691 1041 785 1073 =in
801 1041 873 1074 mi-

174 1096 217 1116 ca
239 1084 327 1117 laud.
339 1086 441 1118 Mart.
463 1086 507 1126 11,
520 1083 574 1117 59.
612 1085 679 1117 Sed
701 1086 768 1118 iflic
784 1098 872 1130 quo-

175 1141 240 1173 que
272 1130 484 1162 scribendum
522 1130 655 1163 videtur
686 1133 799 1164 mic-ca
831 1143 872 1164 ex

174 1174 302 1208 Dorico
323 1174 431 1219 μικκά
455 1177 513 1220 (sc.
535 1175 652 1219 οἰκία).
689 1177 782 1221 Lips.
805 1189 872 1221 pu-

173 1226 225 1252 tat
255 1220 391 1253 domum
416 1221 519 1253 fuisse
537 1220 622 1252 Baiis
642 1221 709 1254 hoc
737 1222 873 1255 nomine

174 1264 316 1298 dictam:
341 1267 405 1298 Sw.
427 1272 538 1298 autem
556 1265 742 1310 suspicatur
759 1266 792 1300 in
813 1279 872 1300 ora

173 1310 296 1343 Baiana
315 1310 363 1343 ita
385 1310 545 1355 appellari
561 1310 698 1344 solitam
727 1312 873 1356 quamli—

174 1356 232 1388 bet
252 1357 420 1402 exiguam
440 1365 475 1389 et
497 1357 698 1402 elegantem
720 1359 871 1391 domun—

173 1402 300 1434 culam.
327 1402 586 1435 Commendatur
607 1402 691 1436 haec
710 1403 872 1447 scriptura

174 1447 216 1480 ab
234 1447 368 1491 optimis
389 1448 482 1480 libris
502 1448 631 1481 nonita
649 1448 792 1492 quidem,
810 1448 871 1482 sed

174 1492 326 1525 similiter
338 1493 569 1527 scribentibus.
594 1494 681 1526 Nam
704 1494 794 1538 quod
805 1494 871 1527 ha-

173 1537 256 1569 bent
275 1538 339 1573 )[θὶ
353 1539 470 1574 —mta
495 1550 569 1571 cum
590 1538 619 1571 R
634 1540 732 1583 (BV)
756 1538 822 1572 1³2.
834 1538 869 1573 3.

177 1582 267 1626 (huic
285 1582 318 1614 in
336 1583 484 1626 margine
508 1583 710 1627 adscriptum
754 1585 870 1617 alsam

170 1627 272 1674 puto)
294 1627 527 1661 CoLAmbian.
552 1628 652 1673 (s.m)
674 1640 714 1661 co
741 1653 749 1661 .
765 1630 870 1662 Gron-

175 1673 271 1706 =in
291 1674 409 1714 Utica,
432 1674 520 1706 hunc
540 1674 653 1707 locum
672 1681 787 1707 tenere
809 1686 873 1707 ne—

176 1718 253 1762 quit*
270 1724 304 1751 et
323 1717 495 1751 inventum
527 1731 598 1752 esse
625 1718 759 1752 videtur
788 1732 807 1752 a
827 1719 872 1752 li-

174 1763 304 1805 brario,
339 1764 394 1808 qui
424 1764 542 1797 Uticae
575 1765 733 1797 Catonem
765 1764 874 1798 obisse

175 1808 380 1842 meminerat.
399 1810 512 1843 P=in
532 1811 547 1843 i
553 1810 606 1843 mi
612 1822 669 1843 ca.
693 1810 874 1843 Pr.bwar

175 1854 308 1897 Arng
319 1854 453 1898 quidam
473 1867 511 1899 ρρ
530 1856 704 1899 Ops.=in
715 1856 773 1888 im
783 1856 798 1888 i
807 1868 826 1888 c
836 1857 871 1888 ἀ-

175 1902 205 1933 A
217 1915 263 1928 =
275 1912 310 1932 m
319 1902 334 1933 i
345 1912 377 1932 m
388 1902 403 1933 i
414 1913 433 1933 c
442 1913 474 1933 a.
513 1902 701 1945 Utrumque
730 1900 874 1934 totidem

177 1957 256 1978 sane
276 1946 602 1979 constatlitterarum
613 1946 775 1987 ductibus,
792 1951 875 1990 quot

177 1992 217 2024 in
238 1992 360 2025 micea.
385 1992 479 2024 Mod.
501 1991 748 2033 codd.=,‚aut
767 1994 806 2024 in
830 2003 875 2024 u-

177 2037 280 2077 nica,
305 2043 361 2069 aut
386 2038 571 2078 Mim'aca,
595 2044 653 2070 aut
676 2043 767 2071 certe
797 2037 873 2070 ini-

177 2082 306 2114 mica.“
330 2084 406 2126 Ipse
417 2082 512 2115 Mod.
527 2083 564 2115 ci.
579 2098 624 2111 =
637 2084 676 2116 in
698 2085 763 2116 Va
773 2091 787 2115 t
797 2084 812 2115 i
822 2095 844 2114 a
855 2094 874 2114 e

177 2137 223 2159 sc.
244 2127 322 2159 villa
333 2152 342 2166 ‚
368 2139 452 2171 quae
483 2127 518 2159 in
547 2128 603 2160 illa
636 2127 773 2171 regione
802 2133 874 2159 erat

166 2171 249 2203 sita.
275 2171 322 2203 cf.
343 2174 420 2204 Seu.
443 2174 503 2215 Ep.
527 2172 591 2212 55,
615 2171 647 2203 2.
675 2171 874 2204 GP1.=in

176 2228 355 2256 nummu,
376 2216 466 2260 quod
481 2218 511 2249 G
524 2219 656 2249 cr.=in
677 2218 763 2250 min
773 2218 871 2250 ima.

174 2261 297 2294 mG=
310 2262 360 2294 αἶ’
382 2274 437 2295 nu
449 2275 527 2296 ma.
557 2263 606 2295 al’
628 2263 668 2295 in
691 2274 760 2294 uno
782 2261 872 2295 libro

175 2315 256 2340 erae
278 2308 326 2340 in
349 2308 515 2340 ultien.
541 2308 579 2339 in
595 2308 674 2340 'alio
694 2308 744 2340 in
768 2308 870 2340 uni—

175 2364 239 2386 ca.
262 2354 316 2385 In
330 2352 406 2387 ibi.
441 2352 582 2393 Quidam
604 2365 696 2396 pp=
710 2353 747 2385 in
771 2353 870 2385 ima.

176 2397 243 2431 duo
252 2413 299 2427 =
309 2399 347 2430 in
367 2410 390 2431 u
400 2398 440 2431 lt
451 2399 466 2430 i
475 2398 517 2430 le
527 2410 562 2431 a.
595 2410 677 2430 unus
687 2413 734 2426 =
744 2398 783 2430 in
804 2398 871 2431 vi-

176 2456 196 2476 e
206 2455 236 2478 0.
259 2442 318 2476 1³4.
331 2458 376 2472 =
388 2444 427 2476 in
452 2455 474 2476 ν
484 2443 589 2476 illa.
624 2444 698 2476 Hac
708 2443 870 2487 scn'ptura

174 2495 310 2533 poterat
331 2488 469 2522 defendi
499 2488 539 2522 ci.
561 2488 655 2521 Mod.
668 2515 677 2530 ‚
701 2496 870 2532 tamquam

175 2535 267 2568 villa
298 2534 495 2568 vocabulum
531 2535 664 2568 Vatiae
694 2534 822 2567 nomini
849 2546 868 2567 a

173 2579 308 2612 librario
337 2579 482 2624 quodam
501 2579 704 2624 adscriptum
734 2580 768 2611 in
800 2579 868 2612 eius

174 2624 275 2668 ipsius
299 2625 411 2658 locum
427 2625 647 2658 successisset.
683 2624 764 2657 Cod.
775 2624 868 2669 Lips.

173 2671 259 2702 =in
281 2671 405 2714 ijma.
433 2671 560 2704 Sc==in
579 2670 738 2704 urtica.
762 2670 867 2702 Gron.

175 2715 215 2748 ci.
227 2716 324 2749 =in
353 2728 406 2749 ac
418 2723 466 2749 ta
495 2716 518 2749 i.
538 2727 567 2748 e.
590 2715 625 2748 in
644 2726 785 2748 amoeno
807 2715 868 2748 lit-

171 2767 257 2794 tore.
279 2760 448 2794 Rubenius
471 2761 511 2795 ci.
522 2761 615 2795 =in
633 2761 690 2794 im
701 2773 724 2794 a
748 2772 770 2793 a
781 2769 823 2794 ct
833 2772 867 2794 u.

170 2805 220 2838 Ex
233 2807 273 2838 in
286 2817 429 2839 numme
437 2806 545 2839 Ruhk.
561 2806 640 2841 olim
658 2805 782 2850 fingere
802 2818 868 2839 vo·-

168 2851 276 2884 luerat
298 2852 338 2885 in
360 2853 527 2886 Guman
539 2863 569 2886 ο.

961 724 1273 769 praenavigantes
1281 739 1328 752 =
1342 723 1616 758 PPr.bATGer

921 779 939 800 e
961 769 1034 800 fere
1054 779 1169 801 omues
1192 780 1231 812 ρρ
1254 769 1327 802 cod.
1341 770 1445 802 Gron.
1472 769 1529 813 (ad
1539 769 1613 803 Liv.

919 813 1056 856 XXIX,
1078 812 1133 853 32,
1157 811 1206 857 8.)
1227 814 1262 849 {R
1271 815 1374 850 —Q
1442 814 1471 847 R
1485 815 1536 860 (B)
1550 817 1615 853 ffl.

920 859 999 894 -ῢ
1011 871 1090 904 =p
1100 871 1120 890 r
1129 872 1152 891 a
1163 871 1183 891 e
1192 868 1207 892 t
1217 872 1236 892 e
1249 860 1496 903 rnavigantes.
1531 862 1574 892 Sc
1585 861 1615 895 ’Σί

918 916 996 950 =p
1005 917 1025 938 ο
1037 917 1055 937 ,ς
1066 912 1081 936 t
1091 906 1319 950 navigantes.
1346 907 1377 938 V
1387 917 1529 951 =prae
1542 917 1615 939 va-

918 950 962 983 ri
972 958 1106 984 cantes.
1134 951 1182 991 ζΘ
1193 966 1240 979 ---
1250 952 1477 997 navigantes.

964 1015 998 1039 et
1024 1015 1076 1039 tot
1094 1018 1241 1052 genera.
1276 1007 1410 1042 θῖ-ῢ
1428 1011 1463 1046 -ξ-
1480 1014 1515 1039 et
1533 1006 1612 1039 ad-

918 1053 991 1096 spi
1002 1064 1079 1084 cer
1090 1059 1134 1084 et
1157 1059 1218 1084 tot.
1243 1051 1338 1084 abest
1356 1052 1422 1084 hoc
1442 1053 1484 1085 ab
1500 1051 1612 1085 omni—

916 1096 977 1129 bus
999 1108 1076 1129 mss.
1099 1096 1198 1130 etiam
1221 1097 1277 1129 Gr.
1292 1098 1371 1140 Ops.
1392 1097 1482 1130 Pinc.
1508 1098 1611 1137 ctfzt:

916 1141 977 1174 sed
999 1143 1062 1176 Sw.
1083 1141 1302 1174 necessarium
1322 1154 1395 1175 esse
1424 1142 1613 1175 arbitraba—

917 1194 982 1227 tur,
1005 1198 1079 1219 cum
1098 1187 1343 1220 dinumeraret
1360 1199 1428 1221 non
1447 1187 1510 1220 nisi
1531 1199 1612 1231 per-

915 1231 1128 1264 incommode
1158 1239 1274 1276 posset
1294 1231 1338 1265 ad
1361 1232 1532 1278 sequentia
1554 1243 1613 1265 re-

917 1277 1008 1310 fern'.
1330 1293 1336 1297 ·

954 1333 1176 1378 fluitantem.
1215 1335 1244 1366 A
1263 1349 1311 1362 =
1320 1331 1615 1379 fluuitaneem.

916 1379 1256 1423 r=fluctancem.
1281 1377 1614 1424 21&l.==(5=flu-

917 1437 936 1458 c
945 1434 960 1458 ι
969 1437 992 1458 u
1001 1433 1131 1458 antem.

961 1481 1135 1515 convicia.
1159 1482 1300 1518 WQIO-
1310 1482 1344 1517 (3
1355 1496 1400 1509 =
1409 1493 1472 1514 con
1484 1493 1506 1514 ν
1516 1481 1531 1514 ι’
1541 1481 1614 1515 viu.

960 1538 1052 1583 quod
1071 1539 1111 1571 in
1134 1549 1242 1570 unam
1264 1546 1397 1570 noctem
1420 1550 1526 1571 marm
1546 1549 1614 1571 sua

916 1583 994 1629 ipse
1019 1583 1181 1615 duxisset
1191 1598 1236 1610 =
1247 1583 1349 1626 Arg.b
1360 1585 1391 1615 V
1403 1584 1473 1616 Col.
1499 1585 1537 1628 (s.
1550 1583 1609 1626 m.)

917 1628 1050 1672 quidam
1074 1630 1151 1671 Ops.
1175 1627 1272 1660 codd.
1296 1629 1336 1659 L.
1359 1628 1449 1669 Iani,
1474 1627 1530 1671 qui
1551 1639 1612 1660 ex—

916 1673 1019 1716 plicat
1041 1673 1187 1713 „vallum
1197 1698 1205 1711 ‚
1232 1672 1320 1716 quod
1342 1672 1435 1704 miles
1466 1672 1557 1705 ducit
1577 1672 1613 1705 in

915 1718 1045 1758 itinere,
1069 1718 1125 1750 ubi
1145 1729 1213 1750 non
1235 1717 1296 1750 nisi
1315 1718 1417 1750 semel
1436 1717 1467 1750 ei
1486 1729 1613 1761 perno—

919 1763 1074 1796 ctandum
1096 1767 1183 1795 est.“
1229 1764 1273 1795 Et
1295 1763 1508 1796 confirmatur
1529 1763 1614 1795 haec

917 1809 1081 1852 scriptura
1100 1808 1201 1840 etiam
1222 1807 1293 1840 aliis
1312 1808 1415 1849 libris,
1440 1819 1523 1853 qnos
1545 1808 1612 1841 iam

917 1853 1107 1886 laudaturus
1127 1865 1210 1885 sum.
1236 1855 1258 1889 2
1268 1871 1316 1878 -
1325 1855 1394 1892 531.
1407 1872 1452 1878 —
1463 1854 1552 1899 ipse.
1585 1854 1613 1886 P

919 1915 964 1928 =
976 1899 1069 1944 quod
1095 1899 1138 1931 in
1169 1911 1191 1931 u
1200 1911 1224 1932 n
1235 1910 1259 1931 a
1290 1907 1426 1932 noctem
1456 1911 1479 1931 a
1490 1910 1513 1931 n
1546 1909 1614 1931 sua

921 1946 998 1991 ipse
1020 1945 1104 1978 dux.
1148 1944 1227 1977 Pub
1245 1959 1293 1973 =
1310 1945 1402 1990 quod
1436 1944 1474 1977 in
1506 1955 1614 1977 unam

920 2003 943 2023 n
956 1999 1029 2024 oct
1042 2003 1062 2023 e
1084 2002 1106 2022 a
1118 2001 1143 2022 n
1166 2001 1232 2023 sua
1254 1991 1332 2036 ipse
1353 1990 1556 2023 discisa-et.
1581 1989 1611 2023 A

919 2047 1003 2069 w=
1014 2036 1108 2082 quod
1130 2036 1167 2067 in
1191 2047 1298 2068 unam
1321 2047 1343 2067 n
1355 2043 1429 2068 oct
1440 2047 1459 2067 e
1473 2048 1507 2065 ω
1527 2036 1614 2078 (w——-

920 2082 944 2114 d
954 2095 974 2114 e
982 2080 1168 2123 duxisset).
1194 2081 1302 2113 TrGE
1313 2091 1336 2124 γ
1346 2080 1437 2112 Pinc.
1449 2079 1543 2112 Mod.
1558 2081 1613 2114 {Itu

920 2127 1042 2161 fflta=
1055 2126 1146 2171 qnod
1164 2125 1203 2157 in
1225 2137 1314 2157 una
1338 2136 1361 2156 n
1374 2132 1476 2157 octe
1493 2137 1543 2156 ω.
1566 2124 1613 2158 (23

918 2170 999 2211 κξτυ
1010 2169 1066 2203 Ρ1.
1076 2166 1109 2202 4.
1123 2184 1170 2197 =
1182 2183 1204 2215 q
1215 2182 1237 2203 u
1249 2182 1272 2202 a
1286 2182 1319 2202 m
1342 2170 1381 2202 in
1409 2181 1483 2201 una
1512 2178 1613 2202 nocte

919 2218 950 2259 (υ
963 2231 1007 2243 =
1021 2216 1059 2248 in
1093 2226 1218 2247 unam
1252 2214 1417 2258 noctem)
1435 2228 1486 2248 ω.
1536 2225 1613 2249 e=

916 2273 1052 2306 quam
1086 2261 1126 2292 in
1149 2271 1242 2293 una
1278 2268 1416 2293 noete
1440 2271 1613 2293 manum

916 2317 1039 2339 suam
1062 2306 1139 2352 ipse
1172 2305 1511 2339 discussisset.
1553 2316 1612 2340 νοσ

915 2363 1103 2398 ==quam
1123 2363 1196 2383 una
1216 2351 1317 2384 nocte
1338 2351 1387 2383 in
1410 2362 1495 2384 sua
1516 2351 1614 2384 dis-

916 2410 964 2430 ce
976 2398 1166 2430 ssisset.
1206 2395 1374 2442 Ζβπφωο
1395 2394 1463 2430 Ρ3.
1490 2395 1560 2428 Col.
1575 2396 1612 2430 {R

914 2443 1086 2478 -ἓέἱῧῖῢ
1103 2457 1150 2470 =
1170 2454 1192 2487 q
1203 2454 1225 2474 ιι
1236 2454 1259 2475 α
1270 2454 1304 2474 m
1337 2453 1446 2474 unam
1476 2449 1611 2474 noctem

915 2489 1053 2522 inter
1075 2488 1207 2521 talia
1232 2487 1408 2520 duxisse.
1449 2484 1520 2530 (P3.
1537 2485 1609 2519 Col.

913 2549 958 2562 =
988 2533 1203 2576 duxisset.)
1248 2533 1278 2566 R
1297 2547 1343 2573 ξτ-
1363 2543 1497 2577 quam
1540 2529 1610 2563 ibi

913 2591 1020 2612 unam
1041 2588 1177 2612 noctem
1202 2590 1226 2611 a
1237 2590 1258 2610 n
1267 2590 1292 2611 x
1304 2578 1351 2611 iu
1362 2589 1380 2610 s
1402 2576 1558 2609 duxisse.
1581 2574 1608 2605 B

913 2640 958 2653 =
970 2637 1023 2671 qu
1035 2637 1101 2657 am
1124 2635 1232 2657 unam
1263 2630 1398 2656 noctem
1425 2621 1441 2654 i
1452 2619 1496 2653 bi
1527 2630 1607 2653 an-

913 2671 1023 2703 xius
1056 2670 1228 2703 duxisset.
1279 2669 1298 2708 ζ
1317 2682 1362 2695 =
1382 2677 1515 2712 quam
1557 2671 1608 2698 ut

913 2715 957 2749 ib
967 2716 983 2748 ι’
1013 2727 1122 2748 unam
1155 2721 1288 2747 noctem
1322 2724 1345 2744 a
1355 2723 1378 2744 n
1389 2711 1497 2743 xius
1528 2710 1609 2757 ipse

915 2760 1088 2794 duxisset.
1131 2760 1188 2803 ηιλ
1198 2760 1242 2790 Sc
1261 2755 1329 2790 P2.
1344 2757 1404 2792 ’ΚΘ
1418 2759 1450 2794 1·
1460 2774 1504 2781 -
1517 2757 1551 2791 Θ
1562 2770 1607 2784 =

913 2817 1047 2858 quam
1066 2804 1137 2838 ibi
1158 2815 1266 2837 unam
1278 2809 1414 2835 noctem
1435 2811 1609 2834 anxzus

915 2863 991 2898 ipse
1023 2850 1196 2884 duxisset.
1246 2847 1282 2882 X
1305 2862 1349 2877 =
1372 2858 1504 2893 quam
1535 2845 1608 2879 ita
