1742 3094
147 195 232 241 442

600 196 645 236 L.
675 194 872 236 ANNAEI
903 197 1133 237 SENECAE

147 310 321 365 aliasque
341 308 544 350 coniectus
562 323 613 349 an
636 323 714 350 non
732 310 897 365 amplius
919 323 1031 364 quam
1053 311 1175 352 semel
1196 311 1399 354 seruiat-et
1418 312 1587 355 emissus

97 391 132 418 30
148 385 316 434 uagetur
335 377 377 419 in
396 383 494 419 toto.

555 384 683 418 utrum
718 392 859 432 eorpus
881 378 932 418 sit
955 391 1005 418 an
1029 393 1106 419 non
1141 379 1206 420 sit.

146 461 242 498 rus,
289 460 376 487 eum
406 459 478 501 per
504 460 576 486 nos
606 445 750 500 aliquid
772 446 909 486 'faeere
938 445 1113 488 desierit.

148 529 220 556 sua
239 528 404 566 usuruS,
451 528 538 555 eum
563 527 617 554 ex
638 513 710 554 hae
731 513 915 568 effugerit
935 527 1073 556 cauea.

1267 380 1358 434 quid
1389 380 1446 422 sit
1463 382 1587 422 faetu-

1176 448 1368 502 quomodo
1406 448 1584 490 libertate

1132 529 1182 556 an
1205 516 1460 558 obliuiseatur
1482 516 1587 572 prio-

147 598 235 625 rum
256 589 297 624 et
318 582 397 624 illie
421 595 539 623 nosse
557 595 602 623 se
622 581 784 637 incipiat
806 580 871 621 ubi
893 583 1048 635 corpori
1071 583 1260 625 abductus
1278 584 1319 625 iu
1336 585 1500 626 sublime
1523 598 1587 626 se-

147 651 282 694 cessit.

344 649 638 705 Quamcumque
670 656 819 705 partem
849 662 980 690 rerum
1015 650 1271 693 humanarum
1292 652 1588 708 diuinarumque

150 717 497 775 conprehenderis‚
519 717 671 772 ingenti
695 717 806 773 eopia
828 718 1139 779 quaerendorum
1161 733 1208 760 ae
1233 719 1506 762 discendorum
1531 722 1590 762 fa·

97 804 128 831 ³1
151 786 355 843 ligaberis.
415 784 527 827 Haec
549 792 629 826 tam
647 786 766 827 multa
781 818 792 837 ‚
838 792 917 826 tam
940 800 1080 841 magna
1097 818 1108 838 ‚
1151 794 1193 828 ut
1212 783 1525 843 habere'possint
1545 788 1592 829 1i-·

148 856 286 898 berum
326 853 560 909 hospitium,
606 867 849 909 superuacua
876 860 933 895 'ex
961 854 1092 895 animo
1132 855 1302 896 tollenda
1331 862 1437 897 sunt.
1495 854 1593 897 Non

150 924 257 966 dabit
272 937 316 965 se
333 922 375 964 in
396 922 465 963 has
486 922 687 977 angustias
709 923 834 963 uirtus
851 939 861 963 :

152 994 277 1034 derat.

338 989 600 1046 Expellantur
630 990 760 1031 omnia
780 1007 790 1031 ε
837 997 961 1032 totum
985 997 1119 1046 peetus
1143 991 1198 1032 illi
1223 999 1351 1032 uacet.

147 1060 321 1102 ‘delectat
345 1058 485 1099 artium
518 1057 657 1098 notitia
688 1058 911 1099 multarum.

152 1141 314 1170 neamus
345 1132 531 1182 quantum
565 1125 833 1166 necessarium
863 1133 939 1167 est.

894 923 1029 964 laxum
1049 923 1217 978 spatium
1241 937 1308 964 res
1329 938 1471 979 magna
1491 923 1593 965 desi-

1411 991 1469 1032 At
1490 992 1594 1033 enim

976 1057 1147 1099 Tantum
1176 1059 1308 1114 itaque
1331 1073 1382 1101 ex
1404 1059 1480 1100 illis
1498 1059 1595 1101 reti-

999 1126 1066 1167 Au
1086 1133 1128 1168 tu
1148 1126 1354 1169 existimas
1380 1127 1595 1183 reprehen-

153 1196 321 1258 dendum
352 1194 417 1249 qui
446 1207 692 1249 superuacua
721 1193 857 1235 usibus
887 1201 1075 1249 conparat
1105 1202 1145 1235 et
1173 1195 1432 1250 pretiosarum
1462 1209 1595 1237 rerum

154 1277 334 1321 pompam
353 1262 531 1303 iu‘domo
565 1261 762 1316 explicat?
805 1275 885 1302 non
907 1268 1022 1316 putas
1047 1275 1136 1303 eum
1157 1262 1221 1317 qui
1240 1270 1450 1318 occupatus
1476 1262 1598 1304 estin

154 1343 399 1388 superuacua
431 1329 634 1370 literarum
659 1329 910 1383 *supellectile
925 1329 947 1370 ,9
1002 1328 1099 1386 Plus
1132 1330 1236 1372 seire
1272 1331 1375 1372 uelle
1407 1345 1520 1386 quam
1546 1330 1599 1376 sit

106 1413 141 1442 ³2
158 1400 254 1443 satis
279 1397 606 1454 intemperantiae
629 1410 754 1452 genus
778 1404 854 1438 est.

918 1395 1051 1451 Quid?
1080 1399 1183 1453 quod
1204 1398 1279 1440 ista
1297 1398 1598 1440 liberalium-ar—

158 1469 253 1510 tium
273 1465 515 1523 consectatio
531 1465 735 1516 molestos,
767 1465 976 1517 uerbosos‚
1009 1465 1321 1521 intempestiuos,
1353 1466 1600 1522 sibiplaeeu-

160 1543 219 1578 tes
239 1536 332 1577 facit
354 1541 394 1576 et
412 1534 502 1575 ideo
528 1547 607 1573 non
627 1533 825 1574 discentes
849 1534 1096 1584 necessaria,
1130 1534 1222 1588 quia*
1237 1547 1481 1589 superuacua
1501 1533 1600 1574 didi-

158 1609 311 1646 cerunt.

159 1763 225 1799 fflin
245 1775 290 1790 Ξ
312 1759 461 1794 domicil
468 1759 482 1792 i
491 1770 514 1791 ιι
524 1770 559 1791 m
594 1766 712 1791 mutet.

160 1808 325 1854 aliasque
344 1806 480 1839 coniece
490 1816 512 1836 a
523 1815 546 1836 n
557 1815 586 1837 s.
621 1803 707 1836 Rell.
721 1815 759 1847 pp
773 1804 858 1848 (exc.

162 1853 239 1895 λω)
250 1867 296 1882 Ξ
306 1852 470 1896 aliasque
491 1850 628 1883 conieci
639 1861 662 1881 a
673 1862 702 1882 s.

206 1898 264 1934 30.
288 1910 304 1933 ν
317 1915 363 1923 -
375 1899 424 1930 sit
443 1901 523 1940 post
544 1906 592 1927 an
613 1906 695 1928 non.
756 1893 860 1938 Arg.b

167 1951 203 1986 -1-
219 1953 255 1979 et
286 1943 364 1977 illic
394 1954 418 1975 n
429 1954 449 1974 e
472 1952 577 1974 nosse
604 1953 655 1973 se.
703 1950 760 1974 ενσ
775 1945 810 1979 -4-
827 1947 863 1972 et

163 1993 242 2026 illic
271 2002 297 2023 n
307 2003 325 2022 e
336 2002 355 2022 c
379 1999 484 2021 nosse
504 1998 555 2019 se.
601 1982 661 2019 P4.
677 1989 712 2024 -1-
729 1994 763 2018 ee
786 1985 864 2019 illic

164 2050 189 2072 η
201 2048 253 2070 on
277 2046 382 2069 nosse
411 2046 461 2067 se.
508 2043 595 2064 w=
606 2040 641 2064 et
674 2031 751 2063 illic
784 2043 809 2064 n
821 2044 861 2073 ‘³⁷

160 2092 275 2162 fltluf
299 2093 377 2114 esse
397 2078 561 2124 incipiat.
608 2078 637 2113 Ἰ
649 2091 694 2105 Ξ
701 2077 864 2123 priorum

168 2142 181 2162 ι
239 2139 251 2159 ι
276 2139 332 2159 ne
388 2136 493 2158 osse
517 2136 600 2156 se..

212 2184 236 2205 u
246 2172 266 2204 b
277 2172 292 2204 i
315 2138 457 2214 co'r’pori
474 2167 648 2201 abductus
657 2183 702 2196 =
711 2179 749 2199 w.
817 2166 865 2198 Rr

168 2221 248 2261 Arg.
259 2217 282 2249 b
296 2227 364 2260 νφχ
383 2215 408 2247 Ρ
420 2213 454 2247 3.
484 2227 531 2241 Ξ
560 2226 583 2245 u
594 2225 618 2245 n
628 2213 653 2245 d
662 2226 680 2245 e
725 2211 866 2257 corpori

168 2263 352 2297 abductus.
400 2271 436 2293 επ
446 2274 491 2287 Ξ
499 2270 522 2290 u
532 2270 555 2290 n
567 2258 592 2290 d
601 2271 620 2290 e
643 2258 668 2290 d
677 2270 697 2290 e
719 2268 865 2303 corpore

153 2309 354 2343 .eductus.
390 2303 638 2337 P'2.=unde
662 2303 717 2335 de
739 2313 866 2347 corpo-

171 2367 211 2388 re
240 2351 319 2386 vel
346 2349 403 2383 ab
435 2350 610 2382 eductus.
658 2349 685 2389 ψ
706 2363 751 2376 Ξ
771 2358 868 2380 cum

171 2401 197 2434 (l
207 2412 227 2432 e
259 2408 402 2443 corpore
434 2395 487 2428 ed
497 2403 615 2427 uetus.
661 2393 746 2425 Rell.
769 2404 806 2436 pp

172 2455 230 2479 an
253 2443 308 2476 de
329 2452 475 2487 corpore
493 2439 548 2472 vel
567 2439 690 2471 unde
711 2438 766 2471 de
788 2450 869 2470 cor-

171 2501 259 2538 pore
287 2487 514 2521 abduceu³=
524 2485 559 2520 θὶ
571 2503 612 2509 -
628 2486 672 2519 ΣΞ.
741 2483 802 2516 P5.
825 2498 870 2511 =

173 2549 199 2570 α
209 2547 233 2568 n
257 2534 281 2567 d
292 2547 311 2567 e
333 2543 479 2578 corpote
502 2530 527 2563 d
539 2543 559 2563 e
569 2529 707 2562 ductus.
753 2527 812 2561 1³4.
824 2544 871 2558 =

174 2594 199 2616 a
209 2593 233 2614 n
264 2580 290 2613 d
301 2592 320 2613 e
341 2589 488 2624 corpore
521 2588 540 2608 e
551 2575 608 2608 du
618 2584 706 2607 ctus.
752 2574 815 2608 2198
828 2593 871 2600 —-

176 2629 266 2662 ΘΞ
277 2637 300 2658 a
310 2636 335 2657 n
357 2624 382 2657 d
393 2636 413 2656 e
435 2633 582 2668 corpore
606 2619 789 2654 abductus.
825 2621 871 2655 ‘m

175 2671 267 2706 -Ε
290 2685 335 2699 Ξ
355 2676 609 2715 postquam
642 2665 697 2699 de
727 2677 873 2710 corpore

177 2715 349 2751 abductus
369 2726 409 2747 ex
428 2714 497 2756 ing·
510 2713 599 2746 Mur.
655 2711 777 2744 r-in
794 2716 873 2744 ante

177 2761 336 2796 sublime.
403 2770 445 2794 w
454 2773 501 2787 =
513 2759 527 2792 ι’
539 2769 563 2791 n
573 2769 595 2804 q
604 2757 679 2790 uir
687 2768 738 2790 en
749 2756 874 2789 dorum

180 2819 225 2841 ac
247 2805 509 2840 discendorum.

227 2851 283 2886 31.
319 2863 380 2895 εητ
393 2855 429 2890 -4-
446 2848 578 2884 habere
595 2844 744 2896 'po-ssim
775 2859 799 2880 ιι
810 2847 826 2880 i
834 2859 875 2880 r-

782 1770 860 1792 v=

880 1766 1038 1791 ,tutes
1061 1757 1122 1791 lib.
1155 1758 1256 1803 hosp.

374 1599 554 1656 Quatuor
573 1599 679 1640 milia
699 1600 887 1641 librorum
907 1599 1101 1656 Didymus
1122 1602 1398 1655 grammaticus
1420 1600 1597 1656 scripsits

157 1671 280 1714 miser
305 1676 416 1722 erat,
460 1668 496 1709 si
519 1675 596 1709 tam
626 1667 748 1708 multa
769 1681 1012 1723 superuacua
1043 1668 1219 1723 legisset.

1279 1666 1328 1709 Iu
1345 1668 1406 1710 his
1428 1668 1600 1709 lihrisde

1324 1758 1459 1802 wArg.b
1479 1776 1527 1784 —
1546 1767 1601 1792 esc

905 1810 984 1848 post
1015 1804 1265 1846 necessarium.
1311 1804 1347 1839 θὶ
1356 1821 1403 1828 -
1416 1805 1450 1839 Β
1468 1819 1514 1833 ==
1535 1816 1602 1837 ne-

906 1850 1103 1882 cessarium
1135 1849 1178 1881 si
1186 1857 1212 1882 t.
1259 1850 1356 1887 2(ss1·
1368 1868 1408 1874 --
1426 1850 1465 1885 ’6
1483 1865 1531 1878 =
1549 1857 1603 1883 ως

907 1907 1041 1928 necess.
1087 1895 1181 1929 ἃ*-
1194 1895 1227 1929 >B
1249 1909 1295 1922 =
1317 1895 1478 1928 latius
1513 1906 1602 1942 spa-

908 1942 1008 1974 tium.
1076 1951 1105 1972 w
1116 1955 1163 1968 =
1174 1942 1211 1972 A
1218 1948 1233 1972 t
1255 1948 1295 1973 tu
1318 1940 1514 1973 existimas.

953 1997 1175 2031 supervacua
1195 1997 1217 2018 ιι
1228 1998 1248 2018 s
1257 1986 1272 2018 i
1282 1985 1302 2017 b
1312 1998 1335 2017 u
1345 1997 1416 2017 s---
1425 1984 1604 2028 num-gh

909 2033 1081 2077 αβεηιλχῴ
1103 2032 1128 2063 P
1139 2030 1172 2063 2.
1195 2029 1229 2064 3.
1255 2030 1330 2063 eod.
1352 2031 1417 2063 Iur.
1435 2031 1471 2066 {R
1492 2050 1536 2056 —
1556 2030 1604 2065 Β.

909 2077 1031 2121 probat
1056 2077 1151 2108 Grut.
1197 2086 1248 2119 πφ
1262 2075 1332 2108 col.
1350 2080 1385 2114 -1-
1399 2087 1537 2119 super-v.
1559 2086 1603 2107 u-

910 2122 1007 2154 sibus
1031 2133 1049 2152 s
1061 2122 1075 2152 i
1086 2121 1105 2152 b
1115 2122 1138 2151 i.
1173 2132 1190 2153 0
1201 2135 1246 2147 =
1259 2133 1299 2151 su
1326 2132 1479 2151 ervacua
1499 2130 1581 2151 usu
1591 2119 1606 2150 i

910 2177 1018 2211 comp.
1045 2164 1144 2208 (Reu.
1159 2165 1210 2206 ρρ)
1225 2162 1282 2198 P4.
1318 2189 1326 2195 .
1339 2165 1436 2201 XOEl·
1446 2164 1536 2199 -ῢ
1559 2178 1605 2191 =

910 2221 1144 2287 ‘'Rei-”ZZZ
1162 2221 1268 2299 3:02
1279 2208 1383 2287 3222
1405 2220 1514 2287 {33¹²
1531 2266 1550 2287 r
1566 2258 1599 2292 ÷

911 2301 954 2335 Ν
958 2313 978 2332 e
987 2313 1019 2332 m
1026 2313 1053 2346 p
1063 2312 1082 2331 e
1106 2300 1414 2344 intemperantiae.

956 2344 1012 2380 32.
1044 2357 1062 2377 r
1082 2360 1128 2373 =
1151 2344 1353 2377 liberalium
1386 2345 1519 2377 artium
1558 2356 1578 2376 ο
1587 2365 1608 2371 -

914 2404 933 2424 s
942 2400 957 2424 ι
966 2404 985 2423 e
995 2403 1018 2423 n
1028 2391 1119 2423 tatio
1138 2390 1313 2430 molestos,
1332 2389 1608 2436 intempestivos,

915 2436 984 2471 siba·
1022 2436 1209 2483 placentes
1223 2461 1235 2478 ,
1281 2435 1297 2468 i
1308 2447 1332 2467 n
1343 2443 1390 2468 tu
1401 2447 1435 2468 m
1445 2448 1465 2467 e
1475 2447 1523 2468 sc
1532 2447 1553 2467 e
1562 2443 1607 2467 νι-’-

915 2491 930 2515 ι
940 2496 959 2516 e
971 2495 990 2515 s
1003 2507 1012 2523 ‚
1038 2493 1108 2515 non
1131 2481 1338 2514 necessaria
1368 2489 1411 2514 ec
1434 2492 1608 2526 superva-

916 2540 983 2561 cua
1002 2528 1219 2561 didicerunt.
1265 2538 1288 2571 χ
1304 2524 1474 2571 ==facit,
1509 2525 1610 2558 dum

917 2586 986 2607 non
1009 2573 1227 2611 necessaria,
1251 2584 1270 2603 s
1281 2585 1299 2604 e
1308 2571 1333 2604 d
1354 2581 1585 2615 supervacua.

962 2620 1070 2652 miser
1097 2631 1116 2650 e
1126 2630 1179 2651 ta
1191 2626 1206 2649 t
1216 2632 1262 2646 =
1274 2618 1362 2650 nwx
1373 2615 1432 2649 1³3.
1444 2615 1476 2648 5.
1490 2616 1553 2652 ΕΙ.
1564 2632 1611 2639 -

918 2667 966 2701 (ὃ.
1035 2664 1137 2707 Arg-b
1160 2663 1310 2707 plerique
1330 2673 1368 2704 pp
1378 2658 1436 2694 P4.
1449 2659 1517 2692 duo
1530 2661 1608 2703 Ops.

919 2712 963 2743 Sc
974 2711 1028 2742 Pr.
1040 2709 1106 2741 abd
1121 2709 1155 2743 Χ
1175 2723 1222 2737 Ξ
1240 2708 1474 2740 misererer.
1527 2717 1545 2738 r
1565 2718 1611 2733 Ξ

919 2758 954 2789 εἰ
975 2763 1050 2788 tam
1070 2754 1181 2787 multa
1209 2763 1428 2799 saper-vomu
1450 2750 1611 2795 legisset,

921 2801 1123 2841 homini,
1148 2799 1191 2832 si
1210 2808 1415 2844 praesen
1429 2807 1447 2829 s
1469 2803 1613 2835 esset,

922 2847 1041 2881 miset
1051 2858 1099 2879 er
1111 2857 1171 2879 er.
1203 2840 1353 2888 βιπχΡῖ.
1364 2841 1436 2876 Cot.
1446 2857 1492 2871 =
1503 2841 1613 2875 ntiae-
