<?xml version="1.0" encoding="UTF-8"?>
<!DOCTYPE html PUBLIC "-//W3C//DTD XHTML 1.0 Transitional//EN"
    "http://www.w3.org/TR/xhtml1/DTD/xhtml1-transitional.dtd">
<html xmlns="http://www.w3.org/1999/xhtml" xml:lang="en" lang="en">
 <head>
  <title>
</title>
<meta http-equiv="Content-Type" content="text/html;charset=utf-8" />
  <meta name='ocr-system' content='tesseract 3.04.00' />
  <meta name='ocr-capabilities' content='ocr_page ocr_carea ocr_par ocr_line ocrx_word'/>
</head>
<body>
  <div class='ocr_page' id='page_1' title='image "./operasene01seneuoft_0298.png"; bbox 0 0 1742 3094; ppageno 0'>
   <div class='ocr_carea' id='block_1_1' title="bbox 194 191 278 236">
    <p class='ocr_par' dir='ltr' id='par_1_1' title="bbox 194 191 278 236">
     <span class='ocr_line' id='line_1_1' title="bbox 194 191 278 236; baseline -0.024 0"><span class='ocrx_word' id='word_1_1' title='bbox 194 191 278 236; x_wconf 76' lang='lat'><strong>258</strong></span> 
     </span>
    </p>
   </div>
   <div class='ocr_carea' id='block_1_2' title="bbox 642 185 1173 228">
    <p class='ocr_par' dir='ltr' id='par_1_2' title="bbox 642 185 1173 228">
     <span class='ocr_line' id='line_1_2' title="bbox 642 185 1173 228; baseline -0.008 0"><span class='ocrx_word' id='word_1_2' title='bbox 642 188 685 228; x_wconf 82' lang='lat' dir='ltr'><strong>L.</strong></span> <span class='ocrx_word' id='word_1_3' title='bbox 714 186 913 228; x_wconf 85' lang='lat' dir='ltr'><strong>ANNAEI</strong></span> <span class='ocrx_word' id='word_1_4' title='bbox 943 185 1173 226; x_wconf 86' lang='lat' dir='ltr'>SENECAE</span> 
     </span>
    </p>
   </div>
   <div class='ocr_carea' id='block_1_3' title="bbox 151 295 1635 965">
    <p class='ocr_par' dir='ltr' id='par_1_3' title="bbox 151 295 1635 965">
     <span class='ocr_line' id='line_1_3' title="bbox 194 295 1630 357; baseline -0.007 -12"><span class='ocrx_word' id='word_1_5' title='bbox 194 302 298 346; x_wconf 79' lang='lat' dir='ltr'><strong>Nam</strong></span> <span class='ocrx_word' id='word_1_6' title='bbox 325 314 468 357; x_wconf 90' lang='lat' dir='ltr'><strong>eorpus</strong></span> <span class='ocrx_word' id='word_1_7' title='bbox 489 301 563 342; x_wconf 88' lang='lat' dir='ltr'><strong>hoc</strong></span> <span class='ocrx_word' id='word_1_8' title='bbox 585 300 705 343; x_wconf 85' lang='lat' dir='ltr'><strong>animi</strong></span> <span class='ocrx_word' id='word_1_9' title='bbox 732 299 887 356; x_wconf 83' lang='lat' dir='ltr'><strong>pondus</strong></span> <span class='ocrx_word' id='word_1_10' title='bbox 906 312 952 341; x_wconf 86' lang='lat' dir='ltr'><strong>ae</strong></span> <span class='ocrx_word' id='word_1_11' title='bbox 978 311 1106 355; x_wconf 83' lang='lat' dir='ltr'><strong>poena</strong></span> <span class='ocrx_word' id='word_1_12' title='bbox 1127 304 1211 339; x_wconf 87' lang='lat' dir='ltr'><strong>est:</strong></span> <span class='ocrx_word' id='word_1_13' title='bbox 1256 302 1457 352; x_wconf 82' lang='lat' dir='ltr'><strong>premente</strong></span> <span class='ocrx_word' id='word_1_14' title='bbox 1476 295 1543 336; x_wconf 90' lang='lat' dir='ltr'><strong>illo</strong></span> <span class='ocrx_word' id='word_1_15' title='bbox 1564 309 1630 336; x_wconf 88' lang='lat' dir='ltr'><strong>ur-</strong></span> 
     </span>
     <span class='ocr_line' id='line_1_4' title="bbox 196 362 1626 427; baseline -0.008 -13"><span class='ocrx_word' id='word_1_16' title='bbox 196 379 334 427; x_wconf 85' lang='lat' dir='ltr'><strong>getur,</strong></span> <span class='ocrx_word' id='word_1_17' title='bbox 375 370 416 412; x_wconf 86' lang='lat' dir='ltr'><strong>in</strong></span> <span class='ocrx_word' id='word_1_18' title='bbox 436 368 602 412; x_wconf 89' lang='lat' dir='ltr'><strong>uinculis</strong></span> <span class='ocrx_word' id='word_1_19' title='bbox 624 374 707 420; x_wconf 82' lang='lat' dir='ltr'><strong>est,</strong></span> <span class='ocrx_word' id='word_1_20' title='bbox 752 367 828 408; x_wconf 85' lang='lat' dir='ltr'><strong>uisi</strong></span> <span class='ocrx_word' id='word_1_21' title='bbox 851 366 1020 408; x_wconf 82' lang='lat' dir='ltr'><strong>accessit</strong></span> <span class='ocrx_word' id='word_1_22' title='bbox 1044 365 1289 422; x_wconf 80' lang='lat' dir='ltr'>philosophia</span> <span class='ocrx_word' id='word_1_23' title='bbox 1309 371 1349 406; x_wconf 85' lang='lat' dir='ltr'><strong>et</strong></span> <span class='ocrx_word' id='word_1_24' title='bbox 1377 362 1486 404; x_wconf 91' lang='lat' dir='ltr'><strong>illum</strong></span> <span class='ocrx_word' id='word_1_25' title='bbox 1506 362 1626 417; x_wconf 88' lang='lat' dir='ltr'><strong>respi-</strong></span> 
     </span>
     <span class='ocr_line' id='line_1_5' title="bbox 198 430 1631 490; baseline -0.008 -8"><span class='ocrx_word' id='word_1_26' title='bbox 198 454 288 482; x_wconf 88' lang='lat' dir='ltr'><strong>rare</strong></span> <span class='ocrx_word' id='word_1_27' title='bbox 315 452 448 481; x_wconf 88' lang='lat' dir='ltr'><strong>rerum</strong></span> <span class='ocrx_word' id='word_1_28' title='bbox 472 443 634 478; x_wconf 88' lang='lat' dir='ltr'><strong>naturae</strong></span> <span class='ocrx_word' id='word_1_29' title='bbox 660 434 776 476; x_wconf 89' lang='lat' dir='ltr'><strong>iussit</strong></span> <span class='ocrx_word' id='word_1_30' title='bbox 801 434 1022 490; x_wconf 79' lang='lat' dir='ltr'><strong>spectaculo</strong></span> <span class='ocrx_word' id='word_1_31' title='bbox 1045 440 1085 475; x_wconf 85' lang='lat' dir='ltr'><strong>et</strong></span> <span class='ocrx_word' id='word_1_32' title='bbox 1103 448 1127 475; x_wconf 88' lang='lat' dir='ltr'><strong>a</strong></span> <span class='ocrx_word' id='word_1_33' title='bbox 1151 432 1320 475; x_wconf 79' lang='lat' dir='ltr'><strong>terrenis</strong></span> <span class='ocrx_word' id='word_1_34' title='bbox 1345 431 1394 472; x_wconf 85' lang='lat' dir='ltr'><strong>ad</strong></span> <span class='ocrx_word' id='word_1_35' title='bbox 1423 430 1555 488; x_wconf 80' lang='lat' dir='ltr'><strong>diuina</strong></span> <span class='ocrx_word' id='word_1_36' title='bbox 1575 430 1631 471; x_wconf 90' lang='lat' dir='ltr'><strong>di-</strong></span> 
     </span>
     <span class='ocr_line' id='line_1_6' title="bbox 151 497 1631 556; baseline -0.007 -6"><span class='ocrx_word' id='word_1_37' title='bbox 151 519 182 545; x_wconf 81' lang='grc' dir='ltr'><strong>Π</strong></span> <span class='ocrx_word' id='word_1_38' title='bbox 200 508 336 555; x_wconf 57' lang='lat' dir='ltr'><strong>misit„</strong></span> <span class='ocrx_word' id='word_1_39' title='bbox 382 505 494 547; x_wconf 85' lang='lat' dir='ltr'><strong>Hace</strong></span> <span class='ocrx_word' id='word_1_40' title='bbox 514 505 674 546; x_wconf 81' lang='lat' dir='ltr'><strong>libertas</strong></span> <span class='ocrx_word' id='word_1_41' title='bbox 689 502 780 544; x_wconf 80' lang='lat' dir='ltr'><strong>eius</strong></span> <span class='ocrx_word' id='word_1_42' title='bbox 801 508 885 553; x_wconf 81' lang='lat' dir='ltr'><strong>est,</strong></span> <span class='ocrx_word' id='word_1_43' title='bbox 918 501 1015 543; x_wconf 81' lang='lat' dir='ltr'><strong>haec</strong></span> <span class='ocrx_word' id='word_1_44' title='bbox 1039 501 1244 556; x_wconf 81' lang='lat' dir='ltr'><strong>euagatio:</strong></span> <span class='ocrx_word' id='word_1_45' title='bbox 1276 497 1457 542; x_wconf 83' lang='lat' dir='ltr'>subducit</span> <span class='ocrx_word' id='word_1_46' title='bbox 1475 497 1631 539; x_wconf 84' lang='lat' dir='ltr'><strong>interim</strong></span> 
     </span>
     <span class='ocr_line' id='line_1_7' title="bbox 196 565 1631 626; baseline -0.008 -8"><span class='ocrx_word' id='word_1_47' title='bbox 196 591 241 619; x_wconf 85' lang='lat' dir='ltr'><strong>se</strong></span> <span class='ocrx_word' id='word_1_48' title='bbox 276 573 475 617; x_wconf 78' lang='lat' dir='ltr'><strong>custodiae</strong></span> <span class='ocrx_word' id='word_1_49' title='bbox 493 573 535 613; x_wconf 88' lang='lat' dir='ltr'><strong>in</strong></span> <span class='ocrx_word' id='word_1_50' title='bbox 566 585 642 626; x_wconf 80' lang='lat' dir='ltr'><strong>qua</strong></span> <span class='ocrx_word' id='word_1_51' title='bbox 661 577 822 612; x_wconf 70' lang='lat' dir='ltr'><strong>tenetur</strong></span> <span class='ocrx_word' id='word_1_52' title='bbox 839 575 880 610; x_wconf 85' lang='lat' dir='ltr'><strong>et</strong></span> <span class='ocrx_word' id='word_1_53' title='bbox 910 569 1022 610; x_wconf 85' lang='lat' dir='ltr'><strong>coelo</strong></span> <span class='ocrx_word' id='word_1_54' title='bbox 1045 569 1234 610; x_wconf 85' lang='lat' dir='ltr'><strong>reficitur.</strong></span> <span class='ocrx_word' id='word_1_55' title='bbox 1298 565 1631 621; x_wconf 77' lang='lat' dir='ltr'><strong>Quemadmodum</strong></span> 
     </span>
     <span class='ocr_line' id='line_1_8' title="bbox 195 633 1632 691; baseline -0.008 -6"><span class='ocrx_word' id='word_1_56' title='bbox 195 644 366 687; x_wconf 80' lang='lat' dir='ltr'><strong>artifices</strong></span> <span class='ocrx_word' id='word_1_57' title='bbox 396 655 450 683; x_wconf 83' lang='lat' dir='ltr'><strong>ex</strong></span> <span class='ocrx_word' id='word_1_58' title='bbox 475 639 639 681; x_wconf 83' lang='lat' dir='ltr'><strong>alicuius</strong></span> <span class='ocrx_word' id='word_1_59' title='bbox 668 638 728 679; x_wconf 90' lang='lat' dir='ltr'><strong>rei</strong></span> <span class='ocrx_word' id='word_1_60' title='bbox 753 636 967 678; x_wconf 84' lang='lat' dir='ltr'><strong>subtilioris</strong></span> <span class='ocrx_word' id='word_1_61' title='bbox 1000 636 1246 691; x_wconf 82' lang='lat' dir='ltr'><strong>inspectione</strong></span> <span class='ocrx_word' id='word_1_62' title='bbox 1280 648 1380 691; x_wconf 89' lang='lat' dir='ltr'><strong>quae</strong></span> <span class='ocrx_word' id='word_1_63' title='bbox 1414 633 1632 675; x_wconf 87' lang='lat' dir='ltr'><strong>intentione</strong></span> 
     </span>
     <span class='ocr_line' id='line_1_9' title="bbox 197 700 1634 763; baseline -0.008 -10"><span class='ocrx_word' id='word_1_64' title='bbox 197 711 332 753; x_wconf 87' lang='lat' dir='ltr'><strong>oeulos</strong></span> <span class='ocrx_word' id='word_1_65' title='bbox 360 708 570 763; x_wconf 87' lang='lat' dir='ltr'><strong>defatigat,</strong></span> <span class='ocrx_word' id='word_1_66' title='bbox 612 706 647 748; x_wconf 88' lang='lat' dir='ltr'><strong>si</strong></span> <span class='ocrx_word' id='word_1_67' title='bbox 681 705 892 760; x_wconf 84' lang='lat' dir='ltr'><strong>malignum</strong></span> <span class='ocrx_word' id='word_1_68' title='bbox 918 704 1063 745; x_wconf 85' lang='lat' dir='ltr'><strong>hahent</strong></span> <span class='ocrx_word' id='word_1_69' title='bbox 1081 710 1121 744; x_wconf 87' lang='lat' dir='ltr'><strong>et</strong></span> <span class='ocrx_word' id='word_1_70' title='bbox 1144 703 1363 758; x_wconf 82' lang='lat' dir='ltr'><strong>precarium</strong></span> <span class='ocrx_word' id='word_1_71' title='bbox 1395 702 1551 752; x_wconf 83' lang='lat' dir='ltr'><strong>lumen,</strong></span> <span class='ocrx_word' id='word_1_72' title='bbox 1593 700 1634 741; x_wconf 81' lang='lat' dir='ltr'><strong>in</strong></span> 
     </span>
     <span class='ocr_line' id='line_1_10' title="bbox 195 768 1635 835; baseline -0.008 -15"><span class='ocrx_word' id='word_1_73' title='bbox 195 778 390 835; x_wconf 84' lang='lat' dir='ltr'><strong>publicum</strong></span> <span class='ocrx_word' id='word_1_74' title='bbox 413 776 607 831; x_wconf 83' lang='lat' dir='ltr'><strong>prodeunt</strong></span> <span class='ocrx_word' id='word_1_75' title='bbox 624 780 664 815; x_wconf 87' lang='lat' dir='ltr'><strong>et</strong></span> <span class='ocrx_word' id='word_1_76' title='bbox 684 773 725 814; x_wconf 89' lang='lat' dir='ltr'><strong>in</strong></span> <span class='ocrx_word' id='word_1_77' title='bbox 756 772 885 828; x_wconf 80' lang='lat' dir='ltr'><strong>aliqua</strong></span> <span class='ocrx_word' id='word_1_78' title='bbox 907 772 1070 827; x_wconf 83' lang='lat' dir='ltr'><strong>regione</strong></span> <span class='ocrx_word' id='word_1_79' title='bbox 1092 771 1140 812; x_wconf 88' lang='lat' dir='ltr'><strong>ad</strong></span> <span class='ocrx_word' id='word_1_80' title='bbox 1162 770 1291 827; x_wconf 89' lang='lat' dir='ltr'><strong>populi</strong></span> <span class='ocrx_word' id='word_1_81' title='bbox 1313 770 1434 811; x_wconf 84' lang='lat' dir='ltr'><strong>otium</strong></span> <span class='ocrx_word' id='word_1_82' title='bbox 1459 768 1635 810; x_wconf 76' lang='lat' dir='ltr'><strong>dedicata</strong></span> 
     </span>
     <span class='ocr_line' id='line_1_11' title="bbox 197 835 1634 888; baseline -0.008 0"><span class='ocrx_word' id='word_1_83' title='bbox 197 846 334 888; x_wconf 81' lang='lat' dir='ltr'><strong>oeulos</strong></span> <span class='ocrx_word' id='word_1_84' title='bbox 353 844 478 886; x_wconf 72' lang='lat' dir='ltr'><strong>libera</strong></span> <span class='ocrx_word' id='word_1_85' title='bbox 495 843 583 884; x_wconf 86' lang='lat' dir='ltr'><strong>luce</strong></span> <span class='ocrx_word' id='word_1_86' title='bbox 606 842 823 883; x_wconf 76' lang='lat' dir='ltr'><strong>delectant:</strong></span> <span class='ocrx_word' id='word_1_87' title='bbox 868 840 926 882; x_wconf 81' lang='lat' dir='ltr'><strong>sic</strong></span> <span class='ocrx_word' id='word_1_88' title='bbox 949 840 1102 881; x_wconf 83' lang='lat' dir='ltr'><strong>animus</strong></span> <span class='ocrx_word' id='word_1_89' title='bbox 1123 838 1165 879; x_wconf 86' lang='lat' dir='ltr'><strong>in</strong></span> <span class='ocrx_word' id='word_1_90' title='bbox 1186 838 1260 880; x_wconf 88' lang='lat' dir='ltr'><strong>hoc</strong></span> <span class='ocrx_word' id='word_1_91' title='bbox 1282 836 1387 878; x_wconf 86' lang='lat' dir='ltr'><strong>tristi</strong></span> <span class='ocrx_word' id='word_1_92' title='bbox 1403 843 1445 878; x_wconf 81' lang='lat' dir='ltr'><strong>et</strong></span> <span class='ocrx_word' id='word_1_93' title='bbox 1466 835 1634 877; x_wconf 83' lang='lat' dir='ltr'><strong>obscuro</strong></span> 
     </span>
     <span class='ocr_line' id='line_1_12' title="bbox 197 904 1634 965; baseline -0.008 -10"><span class='ocrx_word' id='word_1_94' title='bbox 197 913 394 956; x_wconf 88' lang='lat' dir='ltr'><strong>domicilio</strong></span> <span class='ocrx_word' id='word_1_95' title='bbox 415 912 572 962; x_wconf 80' lang='lat' dir='ltr'><strong>clusus,</strong></span> <span class='ocrx_word' id='word_1_96' title='bbox 604 908 784 965; x_wconf 86' lang='lat' dir='ltr'><strong>quotiens</strong></span> <span class='ocrx_word' id='word_1_97' title='bbox 805 915 950 964; x_wconf 83' lang='lat' dir='ltr'><strong>potest,</strong></span> <span class='ocrx_word' id='word_1_98' title='bbox 982 914 1158 964; x_wconf 80' lang='lat' dir='ltr'><strong>apertum</strong></span> <span class='ocrx_word' id='word_1_99' title='bbox 1179 906 1276 962; x_wconf 87' lang='lat' dir='ltr'><strong>petit</strong></span> <span class='ocrx_word' id='word_1_100' title='bbox 1296 904 1394 946; x_wconf 88' lang='lat' dir='ltr'><strong>etin</strong></span> <span class='ocrx_word' id='word_1_101' title='bbox 1411 917 1545 946; x_wconf 88' lang='lat' dir='ltr'><strong>rerum</strong></span> <span class='ocrx_word' id='word_1_102' title='bbox 1565 915 1634 944; x_wconf 77' lang='lat' dir='ltr'><strong>na-</strong></span> 
     </span>
    </p>
   </div>
   <div class='ocr_carea' id='block_1_4' title="bbox 148 976 908 1034">
    <p class='ocr_par' dir='ltr' id='par_1_4' title="bbox 148 976 908 1034">
     <span class='ocr_line' id='line_1_13' title="bbox 148 976 908 1034; baseline -0.009 -10"><span class='ocrx_word' id='word_1_103' title='bbox 148 997 180 1024; x_wconf 71' lang='lat'><strong>1⁸</strong></span> <span class='ocrx_word' id='word_1_104' title='bbox 198 989 309 1023; x_wconf 88' lang='lat' dir='ltr'><strong>turae</strong></span> <span class='ocrx_word' id='word_1_105' title='bbox 332 978 660 1034; x_wconf 83' lang='lat' dir='ltr'><strong>contemplatione</strong></span> <span class='ocrx_word' id='word_1_106' title='bbox 680 976 908 1031; x_wconf 83' lang='lat' dir='ltr'><strong>requiescit.</strong></span> 
     </span>
    </p>
   </div>
   <div class='ocr_carea' id='block_1_5' title="bbox 194 1089 890 1230">
    <p class='ocr_par' dir='ltr' id='par_1_5' title="bbox 194 1089 890 1230">
     <span class='ocr_line' id='line_1_14' title="bbox 241 1089 890 1138; baseline -0.009 -12"><span class='ocrx_word' id='word_1_107' title='bbox 241 1094 414 1138; x_wconf 80' lang='lat' dir='ltr'><strong>PG=urg</strong></span> <span class='ocrx_word' id='word_1_108' title='bbox 423 1104 445 1125; x_wconf 86' lang='lat' dir='ltr'><em>u</em></span> <span class='ocrx_word' id='word_1_109' title='bbox 457 1104 476 1124; x_wconf 88' lang='lat' dir='ltr'><strong>e</strong></span> <span class='ocrx_word' id='word_1_110' title='bbox 486 1099 556 1124; x_wconf 82' lang='lat' dir='ltr'><strong>tur.</strong></span> <span class='ocrx_word' id='word_1_111' title='bbox 602 1102 620 1122; x_wconf 88' lang='lat' dir='ltr'><strong>r</strong></span> <span class='ocrx_word' id='word_1_112' title='bbox 635 1094 669 1128; x_wconf 71' lang='lat' dir='ltr'><strong>-l-</strong></span> <span class='ocrx_word' id='word_1_113' title='bbox 688 1101 706 1121; x_wconf 86' lang='lat' dir='ltr'><strong>e</strong></span> <span class='ocrx_word' id='word_1_114' title='bbox 717 1097 731 1121; x_wconf 81' lang='lat' dir='ltr'><strong>t</strong></span> <span class='ocrx_word' id='word_1_115' title='bbox 755 1089 794 1121; x_wconf 87' lang='lat' dir='ltr'><strong>in</strong></span> <span class='ocrx_word' id='word_1_116' title='bbox 809 1089 890 1121; x_wconf 81' lang='lat' dir='ltr'><strong>vin-</strong></span> 
     </span>
     <span class='ocr_line' id='line_1_15' title="bbox 194 1134 890 1172; baseline -0.006 0"><span class='ocrx_word' id='word_1_117' title='bbox 194 1140 286 1172; x_wconf 69' lang='lat' dir='ltr'><strong>vulis</strong></span> <span class='ocrx_word' id='word_1_118' title='bbox 317 1147 382 1172; x_wconf 79' lang='lat' dir='ltr'><strong>est.</strong></span> <span class='ocrx_word' id='word_1_119' title='bbox 428 1138 514 1170; x_wconf 71' lang='grc' dir='ltr'><strong>ΒΞ</strong></span> <span class='ocrx_word' id='word_1_120' title='bbox 535 1136 610 1169; x_wconf 72' lang='lat' dir='ltr'><strong>nisi</strong></span> <span class='ocrx_word' id='word_1_121' title='bbox 642 1146 743 1168; x_wconf 77' lang='lat' dir='ltr'><strong>acces</strong></span> <span class='ocrx_word' id='word_1_122' title='bbox 753 1146 773 1167; x_wconf 73' lang='lat' dir='ltr'><strong>s</strong></span> <span class='ocrx_word' id='word_1_123' title='bbox 782 1146 802 1167; x_wconf 87' lang='lat' dir='ltr'><strong>e</strong></span> <span class='ocrx_word' id='word_1_124' title='bbox 811 1134 856 1168; x_wconf 86' lang='lat' dir='ltr'><strong>ri</strong></span> <span class='ocrx_word' id='word_1_125' title='bbox 865 1141 890 1168; x_wconf 76' lang='lat' dir='ltr'><strong>t.</strong></span> 
     </span>
     <span class='ocr_line' id='line_1_16' title="bbox 194 1180 823 1230; baseline -0.01 -12"><span class='ocrx_word' id='word_1_126' title='bbox 194 1185 223 1218; x_wconf 83' lang='lat' dir='ltr'>R</span> <span class='ocrx_word' id='word_1_127' title='bbox 230 1200 276 1214; x_wconf 86' lang='grc' dir='ltr'><strong>Ξ</strong></span> <span class='ocrx_word' id='word_1_128' title='bbox 286 1185 396 1230; x_wconf 56' lang='lat' dir='ltr'><strong>dimise</strong></span> <span class='ocrx_word' id='word_1_129' title='bbox 405 1196 425 1216; x_wconf 88' lang='lat' dir='ltr'><strong>e</strong></span> <span class='ocrx_word' id='word_1_130' title='bbox 434 1195 453 1215; x_wconf 86' lang='lat' dir='ltr'><em>r</em></span> <span class='ocrx_word' id='word_1_131' title='bbox 463 1184 478 1216; x_wconf 89' lang='lat' dir='ltr'><strong>i</strong></span> <span class='ocrx_word' id='word_1_132' title='bbox 489 1191 515 1216; x_wconf 74' lang='grc' dir='ltr'><strong>ι.</strong></span> <span class='ocrx_word' id='word_1_133' title='bbox 564 1193 581 1214; x_wconf 92' lang='lat' dir='ltr'><strong>r</strong></span> <span class='ocrx_word' id='word_1_134' title='bbox 589 1195 636 1210; x_wconf 86' lang='grc' dir='ltr'><strong>Ξ</strong></span> <span class='ocrx_word' id='word_1_135' title='bbox 645 1193 669 1213; x_wconf 86' lang='grc' dir='ltr'><em>α</em></span> <span class='ocrx_word' id='word_1_136' title='bbox 679 1180 704 1212; x_wconf 83' lang='lat' dir='ltr'><strong>d</strong></span> <span class='ocrx_word' id='word_1_137' title='bbox 713 1180 823 1213; x_wconf 72' lang='lat' dir='ltr'><strong>misit.</strong></span> 
     </span>
    </p>
   </div>
   <div class='ocr_carea' id='block_1_6' title="bbox 242 1237 746 1280">
    <p class='ocr_par' dir='ltr' id='par_1_6' title="bbox 242 1237 746 1280">
     <span class='ocr_line' id='line_1_17' title="bbox 242 1237 746 1280; baseline -0.01 -7"><span class='ocrx_word' id='word_1_138' title='bbox 242 1238 293 1273; x_wconf 87' lang='lat'><strong>17.</strong></span> <span class='ocrx_word' id='word_1_139' title='bbox 318 1252 389 1272; x_wconf 88' lang='lat' dir='ltr'><strong>r—</strong></span> <span class='ocrx_word' id='word_1_140' title='bbox 402 1247 436 1272; x_wconf 78' lang='lat' dir='ltr'><strong>et</strong></span> <span class='ocrx_word' id='word_1_141' title='bbox 456 1237 551 1271; x_wconf 86' lang='lat' dir='ltr'><strong>coelo</strong></span> <span class='ocrx_word' id='word_1_142' title='bbox 573 1237 746 1280; x_wconf 80' lang='lat' dir='ltr'><strong>reficitur.</strong></span> 
     </span>
    </p>
   </div>
   <div class='ocr_carea' id='block_1_7' title="bbox 183 1293 894 2879">
    <p class='ocr_par' dir='ltr' id='par_1_7' title="bbox 183 1293 894 2879">
     <span class='ocr_line' id='line_1_18' title="bbox 241 1293 892 1338; baseline -0.009 -9"><span class='ocrx_word' id='word_1_143' title='bbox 241 1298 294 1329; x_wconf 84' lang='lat' dir='ltr'><strong>rei</strong></span> <span class='ocrx_word' id='word_1_144' title='bbox 325 1294 526 1329; x_wconf 72' lang='lat' dir='ltr'><strong>&#39;subtilioris</strong></span> <span class='ocrx_word' id='word_1_145' title='bbox 560 1294 611 1326; x_wconf 85' lang='lat' dir='ltr'><strong>in</strong></span> <span class='ocrx_word' id='word_1_146' title='bbox 623 1304 642 1325; x_wconf 78' lang='lat' dir='ltr'><strong>s</strong></span> <span class='ocrx_word' id='word_1_147' title='bbox 651 1304 676 1338; x_wconf 89' lang='lat' dir='ltr'><strong>p</strong></span> <span class='ocrx_word' id='word_1_148' title='bbox 689 1305 708 1325; x_wconf 89' lang='lat' dir='ltr'><strong>e</strong></span> <span class='ocrx_word' id='word_1_149' title='bbox 720 1304 739 1324; x_wconf 86' lang='lat' dir='ltr'><strong>c</strong></span> <span class='ocrx_word' id='word_1_150' title='bbox 751 1300 766 1325; x_wconf 78' lang='lat' dir='ltr'><em>t</em></span> <span class='ocrx_word' id='word_1_151' title='bbox 778 1293 793 1324; x_wconf 84' lang='lat' dir='ltr'><strong>i</strong></span> <span class='ocrx_word' id='word_1_152' title='bbox 804 1303 824 1324; x_wconf 91' lang='lat'><em>0</em></span> <span class='ocrx_word' id='word_1_153' title='bbox 836 1303 860 1324; x_wconf 86' lang='lat' dir='ltr'><strong>n</strong></span> <span class='ocrx_word' id='word_1_154' title='bbox 873 1303 892 1324; x_wconf 87' lang='lat' dir='ltr'><strong>e</strong></span> 
     </span>
     <span class='ocr_line' id='line_1_19' title="bbox 193 1337 894 1388; baseline -0.009 -13"><span class='ocrx_word' id='word_1_155' title='bbox 193 1354 284 1388; x_wconf 82' lang='lat' dir='ltr'><strong>quae</strong></span> <span class='ocrx_word' id='word_1_156' title='bbox 299 1342 495 1375; x_wconf 74' lang='lat' dir='ltr'><strong>intentione</strong></span> <span class='ocrx_word' id='word_1_157' title='bbox 508 1339 627 1372; x_wconf 72' lang='lat' dir='ltr'><strong>oculos</strong></span> <span class='ocrx_word' id='word_1_158' title='bbox 642 1337 836 1383; x_wconf 70' lang='lat' dir='ltr'><strong>defatigat,</strong></span> <span class='ocrx_word' id='word_1_159' title='bbox 858 1337 894 1370; x_wconf 75' lang='lat' dir='ltr'><strong>si</strong></span> 
     </span>
     <span class='ocr_line' id='line_1_20' title="bbox 193 1383 892 1433; baseline -0.009 -12"><span class='ocrx_word' id='word_1_160' title='bbox 193 1388 391 1433; x_wconf 81' lang='lat' dir='ltr'><strong>malignum</strong></span> <span class='ocrx_word' id='word_1_161' title='bbox 410 1385 540 1419; x_wconf 73' lang='lat' dir='ltr'><strong>habent</strong></span> <span class='ocrx_word' id='word_1_162' title='bbox 559 1392 594 1417; x_wconf 71' lang='lat' dir='ltr'><strong>et</strong></span> <span class='ocrx_word' id='word_1_163' title='bbox 611 1384 815 1429; x_wconf 80' lang='lat' dir='ltr'><strong>precarium</strong></span> <span class='ocrx_word' id='word_1_164' title='bbox 833 1383 892 1416; x_wconf 82' lang='lat' dir='ltr'><strong>lu-</strong></span> 
     </span>
     <span class='ocr_line' id='line_1_21' title="bbox 192 1428 892 1476; baseline -0.01 -10"><span class='ocrx_word' id='word_1_165' title='bbox 192 1445 283 1466; x_wconf 89' lang='lat' dir='ltr'><strong>men.</strong></span> <span class='ocrx_word' id='word_1_166' title='bbox 342 1433 471 1466; x_wconf 82' lang='lat' dir='ltr'><strong>Vocem</strong></span> <span class='ocrx_word' id='word_1_167' title='bbox 506 1430 724 1476; x_wconf 76' lang='lat' dir='ltr'><strong>inspectione</strong></span> <span class='ocrx_word' id='word_1_168' title='bbox 754 1428 789 1461; x_wconf 89' lang='lat' dir='ltr'><strong>in</strong></span> <span class='ocrx_word' id='word_1_169' title='bbox 815 1428 892 1472; x_wconf 84' lang='lat' dir='ltr'><strong>qui—</strong></span> 
     </span>
     <span class='ocr_line' id='line_1_22' title="bbox 190 1473 892 1511; baseline -0.01 0"><span class='ocrx_word' id='word_1_170' title='bbox 190 1478 330 1511; x_wconf 79' lang='lat' dir='ltr'><strong>busdam</strong></span> <span class='ocrx_word' id='word_1_171' title='bbox 346 1477 444 1510; x_wconf 85' lang='lat' dir='ltr'><strong>codd.</strong></span> <span class='ocrx_word' id='word_1_172' title='bbox 463 1476 564 1509; x_wconf 75' lang='lat' dir='ltr'><strong>fuisse</strong></span> <span class='ocrx_word' id='word_1_173' title='bbox 578 1474 683 1507; x_wconf 80' lang='lat' dir='ltr'><strong>tradit</strong></span> <span class='ocrx_word' id='word_1_174' title='bbox 694 1473 786 1506; x_wconf 88' lang='lat' dir='ltr'><strong>Pinc.</strong></span> <span class='ocrx_word' id='word_1_175' title='bbox 801 1486 808 1505; x_wconf 75' lang='grc' dir='ltr'>ε</span> <span class='ocrx_word' id='word_1_176' title='bbox 832 1473 892 1505; x_wconf 87' lang='lat' dir='ltr'><strong>sed</strong></span> 
     </span>
     <span class='ocr_line' id='line_1_23' title="bbox 191 1518 891 1567; baseline -0.007 -12"><span class='ocrx_word' id='word_1_177' title='bbox 191 1530 332 1567; x_wconf 83' lang='lat' dir='ltr'><strong>propter</strong></span> <span class='ocrx_word' id='word_1_178' title='bbox 350 1521 599 1555; x_wconf 86' lang='lat' dir='ltr'><strong>similitudinem</strong></span> <span class='ocrx_word' id='word_1_179' title='bbox 619 1518 751 1552; x_wconf 82' lang='lat' dir='ltr'><strong>alterius</strong></span> <span class='ocrx_word' id='word_1_180' title='bbox 771 1520 891 1551; x_wconf 83' lang='lat' dir='ltr'><strong>inten-</strong></span> 
     </span>
     <span class='ocr_line' id='line_1_24' title="bbox 192 1563 891 1604; baseline -0.007 -4"><span class='ocrx_word' id='word_1_181' title='bbox 192 1569 288 1600; x_wconf 77' lang='lat' dir='ltr'><strong>tione</strong></span> <span class='ocrx_word' id='word_1_182' title='bbox 314 1567 356 1600; x_wconf 82' lang='lat' dir='ltr'><strong>ab</strong></span> <span class='ocrx_word' id='word_1_183' title='bbox 386 1567 457 1600; x_wconf 85' lang='lat' dir='ltr'><strong>aliis</strong></span> <span class='ocrx_word' id='word_1_184' title='bbox 490 1564 612 1599; x_wconf 90' lang='lat' dir='ltr'><strong>omissa</strong></span> <span class='ocrx_word' id='word_1_185' title='bbox 640 1571 691 1596; x_wconf 89' lang='lat' dir='ltr'><strong>est</strong></span> <span class='ocrx_word' id='word_1_186' title='bbox 701 1589 710 1604; x_wconf 87' lang='lat'><em>,</em></span> <span class='ocrx_word' id='word_1_187' title='bbox 747 1564 788 1596; x_wconf 88' lang='lat' dir='ltr'><strong>ab</strong></span> <span class='ocrx_word' id='word_1_188' title='bbox 820 1563 891 1596; x_wconf 78' lang='lat' dir='ltr'><strong>aliis</strong></span> 
     </span>
     <span class='ocr_line' id='line_1_25' title="bbox 190 1608 890 1657; baseline -0.007 -12"><span class='ocrx_word' id='word_1_189' title='bbox 190 1618 318 1645; x_wconf 86' lang='lat' dir='ltr'><strong>mutata</strong></span> <span class='ocrx_word' id='word_1_190' title='bbox 350 1612 385 1644; x_wconf 90' lang='lat' dir='ltr'><strong>in</strong></span> <span class='ocrx_word' id='word_1_191' title='bbox 423 1614 543 1657; x_wconf 79' lang='lat' dir='ltr'><strong>inspec</strong></span> <span class='ocrx_word' id='word_1_192' title='bbox 552 1619 567 1643; x_wconf 65' lang='grc' dir='ltr'><em>ι</em></span> <span class='ocrx_word' id='word_1_193' title='bbox 578 1622 597 1642; x_wconf 92' lang='lat'><em>0</em></span> <span class='ocrx_word' id='word_1_194' title='bbox 608 1621 628 1642; x_wconf 85' lang='lat' dir='ltr'><em>r</em></span> <span class='ocrx_word' id='word_1_195' title='bbox 639 1622 658 1642; x_wconf 86' lang='lat' dir='ltr'><strong>e</strong></span> <span class='ocrx_word' id='word_1_196' title='bbox 666 1621 695 1643; x_wconf 72' lang='grc'><strong>3.</strong></span> <span class='ocrx_word' id='word_1_197' title='bbox 763 1608 890 1640; x_wconf 86' lang='lat' dir='ltr'><strong>Primus</strong></span> 
     </span>
     <span class='ocr_line' id='line_1_26' title="bbox 191 1653 892 1700; baseline -0.007 -10"><span class='ocrx_word' id='word_1_198' title='bbox 191 1669 264 1690; x_wconf 86' lang='lat' dir='ltr'><strong>eam</strong></span> <span class='ocrx_word' id='word_1_199' title='bbox 275 1656 420 1690; x_wconf 78' lang='lat' dir='ltr'><strong>restituit</strong></span> <span class='ocrx_word' id='word_1_200' title='bbox 429 1659 492 1689; x_wconf 86' lang='lat' dir='ltr'><strong>Sw.</strong></span> <span class='ocrx_word' id='word_1_201' title='bbox 501 1657 665 1700; x_wconf 69' lang='lat' dir='ltr'><strong>PpE-——m</strong></span> <span class='ocrx_word' id='word_1_202' title='bbox 673 1680 682 1695; x_wconf 95' lang='lat'>,</span> <span class='ocrx_word' id='word_1_203' title='bbox 705 1653 766 1687; x_wconf 88' lang='lat' dir='ltr'><strong>sed</strong></span> <span class='ocrx_word' id='word_1_204' title='bbox 777 1672 820 1677; x_wconf 93' lang='lat'>—</span> <span class='ocrx_word' id='word_1_205' title='bbox 830 1655 892 1686; x_wconf 84' lang='lat' dir='ltr'><strong>in-</strong></span> 
     </span>
     <span class='ocr_line' id='line_1_27' title="bbox 191 1699 889 1749; baseline -0.007 -13"><span class='ocrx_word' id='word_1_206' title='bbox 191 1704 370 1749; x_wconf 73' lang='lat' dir='ltr'><strong>spectione</strong></span> <span class='ocrx_word' id='word_1_207' title='bbox 381 1728 390 1743; x_wconf 89' lang='lat'>,</span> <span class='ocrx_word' id='word_1_208' title='bbox 437 1708 473 1734; x_wconf 86' lang='lat' dir='ltr'><strong>et</strong></span> <span class='ocrx_word' id='word_1_209' title='bbox 509 1702 560 1745; x_wconf 87' lang='lat' dir='ltr'><strong>pE</strong></span> <span class='ocrx_word' id='word_1_210' title='bbox 571 1716 617 1729; x_wconf 92' lang='lat'>=</span> <span class='ocrx_word' id='word_1_211' title='bbox 631 1699 748 1743; x_wconf 83' lang='lat' dir='ltr'><strong>desau&#39;</strong></span> <span class='ocrx_word' id='word_1_212' title='bbox 757 1711 783 1745; x_wconf 84' lang='lat' dir='ltr'><em>g</em></span> <span class='ocrx_word' id='word_1_213' title='bbox 795 1711 817 1731; x_wconf 87' lang='grc' dir='ltr'><em>α</em></span> <span class='ocrx_word' id='word_1_214' title='bbox 829 1710 852 1731; x_wconf 91' lang='lat' dir='ltr'><strong>n</strong></span> <span class='ocrx_word' id='word_1_215' title='bbox 863 1707 889 1731; x_wconf 77' lang='lat' dir='ltr'><strong>t.</strong></span> 
     </span>
     <span class='ocr_line' id='line_1_28' title="bbox 191 1746 886 1781; baseline -0.007 0"><span class='ocrx_word' id='word_1_216' title='bbox 191 1761 208 1780; x_wconf 89' lang='lat'><strong>1·</strong></span> <span class='ocrx_word' id='word_1_217' title='bbox 217 1763 263 1777; x_wconf 92' lang='lat'><strong><em>=</em></strong></span> <span class='ocrx_word' id='word_1_218' title='bbox 273 1749 328 1781; x_wconf 82' lang='lat' dir='ltr'><strong>rei</strong></span> <span class='ocrx_word' id='word_1_219' title='bbox 360 1747 560 1780; x_wconf 77' lang='lat' dir='ltr'><strong>subtilioris</strong></span> <span class='ocrx_word' id='word_1_220' title='bbox 586 1746 782 1779; x_wconf 71' lang='lat' dir='ltr'><strong>intentione</strong></span> <span class='ocrx_word' id='word_1_221' title='bbox 805 1756 886 1777; x_wconf 85' lang='lat' dir='ltr'><strong>ocu-</strong></span> 
     </span>
     <span class='ocr_line' id='line_1_29' title="bbox 190 1790 890 1839; baseline -0.007 -12"><span class='ocrx_word' id='word_1_222' title='bbox 190 1795 245 1827; x_wconf 80' lang='lat' dir='ltr'><strong>los</strong></span> <span class='ocrx_word' id='word_1_223' title='bbox 258 1792 473 1839; x_wconf 66' lang='lat' dir='ltr'><strong>defatigan</strong></span> <span class='ocrx_word' id='word_1_224' title='bbox 482 1800 508 1833; x_wconf 77' lang='lat' dir='ltr'><strong>t,</strong></span> <span class='ocrx_word' id='word_1_225' title='bbox 532 1791 566 1824; x_wconf 84' lang='lat' dir='ltr'><strong>si</strong></span> <span class='ocrx_word' id='word_1_226' title='bbox 585 1803 608 1824; x_wconf 86' lang='lat' dir='ltr'><strong>n</strong></span> <span class='ocrx_word' id='word_1_227' title='bbox 619 1803 638 1823; x_wconf 90' lang='lat' dir='ltr'><strong>o</strong></span> <span class='ocrx_word' id='word_1_228' title='bbox 647 1802 671 1823; x_wconf 87' lang='lat' dir='ltr'><strong>n</strong></span> <span class='ocrx_word' id='word_1_229' title='bbox 691 1790 890 1834; x_wconf 80' lang='lat' dir='ltr'><strong>malignum</strong></span> 
     </span>
     <span class='ocr_line' id='line_1_30' title="bbox 190 1835 890 1872; baseline -0.007 0"><span class='ocrx_word' id='word_1_230' title='bbox 190 1847 225 1872; x_wconf 75' lang='lat' dir='ltr'><strong>et</strong></span> <span class='ocrx_word' id='word_1_231' title='bbox 276 1839 545 1872; x_wconf 78' lang='lat' dir='ltr'><strong>raeclarum</strong></span> <span class='ocrx_word' id='word_1_232' title='bbox 566 1837 693 1869; x_wconf 82' lang='lat' dir='ltr'><strong>lumen.</strong></span> <span class='ocrx_word' id='word_1_233' title='bbox 741 1835 890 1868; x_wconf 82' lang='lat' dir='ltr'><strong>w=rei</strong></span> 
     </span>
     <span class='ocr_line' id='line_1_31' title="bbox 190 1852 887 1927; baseline -0.006 -10"><span class='ocrx_word' id='word_1_234' title='bbox 190 1852 279 1917; x_wconf 48' lang='lat' dir='ltr'><strong>sug.</strong></span> <span class='ocrx_word' id='word_1_235' title='bbox 314 1885 511 1917; x_wconf 73' lang='lat' dir='ltr'><strong>intentione</strong></span> <span class='ocrx_word' id='word_1_236' title='bbox 547 1894 597 1915; x_wconf 85' lang='lat' dir='ltr'><strong>oe.</strong></span> <span class='ocrx_word' id='word_1_237' title='bbox 632 1879 751 1926; x_wconf 81' lang='lat' dir='ltr'><strong>desaci</strong></span> <span class='ocrx_word' id='word_1_238' title='bbox 758 1894 785 1927; x_wconf 85' lang='lat' dir='ltr'><strong><em>g</em></strong></span> <span class='ocrx_word' id='word_1_239' title='bbox 794 1893 817 1914; x_wconf 87' lang='lat' dir='ltr'><em>a</em></span> <span class='ocrx_word' id='word_1_240' title='bbox 828 1892 850 1912; x_wconf 90' lang='lat' dir='ltr'><strong>n</strong></span> <span class='ocrx_word' id='word_1_241' title='bbox 861 1888 887 1921; x_wconf 73' lang='lat' dir='ltr'><strong>t,</strong></span> 
     </span>
     <span class='ocr_line' id='line_1_32' title="bbox 191 1926 886 1976; baseline -0.007 -14"><span class='ocrx_word' id='word_1_242' title='bbox 191 1930 226 1962; x_wconf 77' lang='lat' dir='ltr'><strong>si</strong></span> <span class='ocrx_word' id='word_1_243' title='bbox 240 1930 437 1976; x_wconf 83' lang='lat' dir='ltr'><strong>malignum</strong></span> <span class='ocrx_word' id='word_1_244' title='bbox 450 1937 485 1962; x_wconf 80' lang='lat' dir='ltr'><strong>et</strong></span> <span class='ocrx_word' id='word_1_245' title='bbox 498 1940 524 1974; x_wconf 86' lang='lat' dir='ltr'><strong>p</strong></span> <span class='ocrx_word' id='word_1_246' title='bbox 534 1940 552 1960; x_wconf 87' lang='lat' dir='ltr'><strong>r</strong></span> <span class='ocrx_word' id='word_1_247' title='bbox 563 1940 584 1961; x_wconf 87' lang='lat' dir='ltr'><strong>a</strong></span> <span class='ocrx_word' id='word_1_248' title='bbox 595 1941 613 1960; x_wconf 88' lang='lat' dir='ltr'><strong>e</strong></span> <span class='ocrx_word' id='word_1_249' title='bbox 623 1940 642 1960; x_wconf 87' lang='lat' dir='ltr'>c</span> <span class='ocrx_word' id='word_1_250' title='bbox 651 1928 698 1960; x_wconf 82' lang='lat' dir='ltr'><strong>la</strong></span> <span class='ocrx_word' id='word_1_251' title='bbox 706 1939 726 1959; x_wconf 86' lang='grc' dir='ltr'><strong>ι·</strong></span> <span class='ocrx_word' id='word_1_252' title='bbox 736 1939 758 1958; x_wconf 85' lang='lat' dir='ltr'><em>u</em></span> <span class='ocrx_word' id='word_1_253' title='bbox 769 1939 801 1958; x_wconf 87' lang='lat' dir='ltr'><strong>m</strong></span> <span class='ocrx_word' id='word_1_254' title='bbox 818 1926 886 1958; x_wconf 85' lang='grc' dir='ltr'><em>Ιια-</em></span> 
     </span>
     <span class='ocr_line' id='line_1_33' title="bbox 190 1971 891 2009; baseline -0.006 -2"><span class='ocrx_word' id='word_1_255' title='bbox 190 1975 270 2007; x_wconf 77' lang='lat' dir='ltr'><strong>benc</strong></span> <span class='ocrx_word' id='word_1_256' title='bbox 285 1976 411 2009; x_wconf 83' lang='lat' dir='ltr'><strong>lumen.</strong></span> <span class='ocrx_word' id='word_1_257' title='bbox 457 1973 516 2007; x_wconf 77' lang='lat' dir='ltr'><strong>P2.</strong></span> <span class='ocrx_word' id='word_1_258' title='bbox 528 1989 574 2002; x_wconf 91' lang='lat'><strong><em>=</em></strong></span> <span class='ocrx_word' id='word_1_259' title='bbox 586 1974 642 2005; x_wconf 84' lang='lat' dir='ltr'><strong>rei</strong></span> <span class='ocrx_word' id='word_1_260' title='bbox 659 1971 805 2005; x_wconf 76' lang='lat' dir='ltr'><strong>subtilia</strong></span> <span class='ocrx_word' id='word_1_261' title='bbox 814 1984 832 2003; x_wconf 87' lang='lat' dir='ltr'><strong>r</strong></span> <span class='ocrx_word' id='word_1_262' title='bbox 843 1984 862 2003; x_wconf 90' lang='lat' dir='ltr'><strong>e</strong></span> <span class='ocrx_word' id='word_1_263' title='bbox 873 1983 891 2004; x_wconf 77' lang='lat' dir='ltr'><strong>s</strong></span> 
     </span>
     <span class='ocr_line' id='line_1_34' title="bbox 187 2017 892 2063; baseline -0.007 -10"><span class='ocrx_word' id='word_1_264' title='bbox 187 2022 386 2054; x_wconf 66' lang='lat' dir='ltr'><strong>intentione</strong></span> <span class='ocrx_word' id='word_1_265' title='bbox 428 2020 547 2052; x_wconf 79' lang='lat' dir='ltr'><strong>oculos</strong></span> <span class='ocrx_word' id='word_1_266' title='bbox 586 2017 730 2063; x_wconf 81' lang='lat' dir='ltr'><strong>defatig</strong></span> <span class='ocrx_word' id='word_1_267' title='bbox 740 2030 764 2050; x_wconf 84' lang='lat' dir='ltr'><strong><em>a</em></strong></span> <span class='ocrx_word' id='word_1_268' title='bbox 775 2029 798 2049; x_wconf 88' lang='lat' dir='ltr'><strong>n</strong></span> <span class='ocrx_word' id='word_1_269' title='bbox 808 2025 824 2049; x_wconf 75' lang='lat' dir='ltr'><em>t</em></span> <span class='ocrx_word' id='word_1_270' title='bbox 856 2017 892 2049; x_wconf 76' lang='lat' dir='ltr'><strong>si</strong></span> 
     </span>
     <span class='ocr_line' id='line_1_35' title="bbox 190 2062 890 2111; baseline -0.006 -13"><span class='ocrx_word' id='word_1_271' title='bbox 190 2077 213 2097; x_wconf 85' lang='lat' dir='ltr'><strong>n</strong></span> <span class='ocrx_word' id='word_1_272' title='bbox 224 2078 244 2097; x_wconf 89' lang='grc' dir='ltr'><strong>ο</strong></span> <span class='ocrx_word' id='word_1_273' title='bbox 253 2078 276 2098; x_wconf 91' lang='lat' dir='ltr'><strong>n</strong></span> <span class='ocrx_word' id='word_1_274' title='bbox 299 2066 496 2111; x_wconf 81' lang='lat' dir='ltr'><strong>malignum</strong></span> <span class='ocrx_word' id='word_1_275' title='bbox 519 2063 649 2096; x_wconf 78' lang='lat' dir='ltr'><strong>habent</strong></span> <span class='ocrx_word' id='word_1_276' title='bbox 669 2075 693 2109; x_wconf 85' lang='lat' dir='ltr'><strong>p</strong></span> <span class='ocrx_word' id='word_1_277' title='bbox 704 2073 722 2096; x_wconf 91' lang='lat' dir='ltr'><strong>r</strong></span> <span class='ocrx_word' id='word_1_278' title='bbox 731 2075 754 2095; x_wconf 86' lang='lat' dir='ltr'><em>a</em></span> <span class='ocrx_word' id='word_1_279' title='bbox 765 2076 783 2095; x_wconf 87' lang='lat' dir='ltr'><strong>e</strong></span> <span class='ocrx_word' id='word_1_280' title='bbox 792 2075 812 2095; x_wconf 85' lang='lat' dir='ltr'><strong>e</strong></span> <span class='ocrx_word' id='word_1_281' title='bbox 820 2062 836 2094; x_wconf 86' lang='lat' dir='ltr'><em>I</em></span> <span class='ocrx_word' id='word_1_282' title='bbox 844 2074 890 2095; x_wconf 87' lang='lat' dir='ltr'><strong>a-</strong></span> 
     </span>
     <span class='ocr_line' id='line_1_36' title="bbox 190 2108 890 2143; baseline -0.004 -1"><span class='ocrx_word' id='word_1_283' title='bbox 190 2123 209 2142; x_wconf 90' lang='lat' dir='ltr'><strong>r</strong></span> <span class='ocrx_word' id='word_1_284' title='bbox 219 2123 241 2142; x_wconf 78' lang='lat' dir='ltr'><strong>n</strong></span> <span class='ocrx_word' id='word_1_285' title='bbox 252 2122 285 2142; x_wconf 90' lang='lat' dir='ltr'><strong>m</strong></span> <span class='ocrx_word' id='word_1_286' title='bbox 313 2111 440 2143; x_wconf 79' lang='lat' dir='ltr'><strong>lumen.</strong></span> <span class='ocrx_word' id='word_1_287' title='bbox 498 2109 530 2141; x_wconf 88' lang='lat' dir='ltr'><strong>G</strong></span> <span class='ocrx_word' id='word_1_288' title='bbox 541 2124 588 2138; x_wconf 85' lang='lat'><strong>==</strong></span> <span class='ocrx_word' id='word_1_289' title='bbox 599 2110 654 2141; x_wconf 78' lang='lat' dir='ltr'><strong>rei</strong></span> <span class='ocrx_word' id='word_1_290' title='bbox 681 2108 769 2140; x_wconf 76' lang='lat' dir='ltr'><strong>subt.</strong></span> <span class='ocrx_word' id='word_1_291' title='bbox 822 2118 890 2139; x_wconf 82' lang='lat' dir='ltr'><strong>uae</strong></span> 
     </span>
     <span class='ocr_line' id='line_1_37' title="bbox 187 2155 889 2199; baseline -0.007 -11"><span class='ocrx_word' id='word_1_292' title='bbox 187 2155 386 2188; x_wconf 73' lang='lat' dir='ltr'><strong>intencione</strong></span> <span class='ocrx_word' id='word_1_293' title='bbox 399 2155 481 2198; x_wconf 88' lang='lat' dir='ltr'><strong>[mG</strong></span> <span class='ocrx_word' id='word_1_294' title='bbox 491 2169 537 2181; x_wconf 88' lang='lat'><strong><em>=</em></strong></span> <span class='ocrx_word' id='word_1_295' title='bbox 550 2156 808 2199; x_wconf 74' lang='lat' dir='ltr'><strong>inspectatores</strong></span> <span class='ocrx_word' id='word_1_296' title='bbox 838 2164 889 2187; x_wconf 84' lang='lat' dir='ltr'><strong>oc.</strong></span> 
     </span>
     <span class='ocr_line' id='line_1_38' title="bbox 189 2196 888 2245; baseline -0.006 -13"><span class='ocrx_word' id='word_1_297' title='bbox 189 2200 395 2245; x_wconf 75' lang='lat' dir='ltr'><strong>defatigat,</strong></span> <span class='ocrx_word' id='word_1_298' title='bbox 428 2201 462 2232; x_wconf 79' lang='lat' dir='ltr'><strong>si</strong></span> <span class='ocrx_word' id='word_1_299' title='bbox 486 2200 592 2231; x_wconf 79' lang='lat' dir='ltr'><strong>mali</strong></span> <span class='ocrx_word' id='word_1_300' title='bbox 617 2198 693 2231; x_wconf 84' lang='lat' dir='ltr'><strong>nil</strong></span> <span class='ocrx_word' id='word_1_301' title='bbox 714 2196 888 2230; x_wconf 71' lang='lat' dir='ltr'><strong>habene</strong></span> 
     </span>
     <span class='ocr_line' id='line_1_39' title="bbox 189 2241 887 2290; baseline -0.007 -12"><span class='ocrx_word' id='word_1_302' title='bbox 189 2254 223 2278; x_wconf 78' lang='grc' dir='ltr'><strong>ει</strong></span> <span class='ocrx_word' id='word_1_303' title='bbox 250 2258 294 2290; x_wconf 86' lang='lat' dir='ltr'><strong>pr</strong></span> <span class='ocrx_word' id='word_1_304' title='bbox 306 2258 327 2277; x_wconf 81' lang='lat' dir='ltr'><em>a</em></span> <span class='ocrx_word' id='word_1_305' title='bbox 340 2245 543 2277; x_wconf 70' lang='lat' dir='ltr'><strong>celarum</strong></span> <span class='ocrx_word' id='word_1_306' title='bbox 569 2244 685 2276; x_wconf 87' lang='lat' dir='ltr'><strong>lumen</strong></span> <span class='ocrx_word' id='word_1_307' title='bbox 709 2253 794 2274; x_wconf 88' lang='lat' dir='ltr'><strong>non</strong></span> <span class='ocrx_word' id='word_1_308' title='bbox 816 2241 887 2273; x_wconf 80' lang='lat' dir='ltr'><strong>ha-</strong></span> 
     </span>
     <span class='ocr_line' id='line_1_40' title="bbox 189 2286 884 2331; baseline -0.007 -8"><span class='ocrx_word' id='word_1_309' title='bbox 189 2290 280 2323; x_wconf 82' lang='lat' dir='ltr'><strong>bem.</strong></span> <span class='ocrx_word' id='word_1_310' title='bbox 313 2290 373 2323; x_wconf 83' lang='lat' dir='ltr'><strong>Pl.</strong></span> <span class='ocrx_word' id='word_1_311' title='bbox 383 2288 416 2322; x_wconf 84' lang='lat'><strong>3.</strong></span> <span class='ocrx_word' id='word_1_312' title='bbox 428 2289 461 2322; x_wconf 81' lang='lat'><strong>4.</strong></span> <span class='ocrx_word' id='word_1_313' title='bbox 476 2305 520 2318; x_wconf 86' lang='grc' dir='ltr'><strong>Ξ</strong></span> <span class='ocrx_word' id='word_1_314' title='bbox 533 2290 587 2322; x_wconf 78' lang='lat' dir='ltr'><strong>rei</strong></span> <span class='ocrx_word' id='word_1_315' title='bbox 607 2287 694 2322; x_wconf 77' lang='lat' dir='ltr'><strong>subc.</strong></span> <span class='ocrx_word' id='word_1_316' title='bbox 715 2286 790 2331; x_wconf 84' lang='lat' dir='ltr'>[P3.</span> <span class='ocrx_word' id='word_1_317' title='bbox 802 2298 829 2318; x_wconf 86' lang='lat' dir='ltr'><strong>s.</strong></span> <span class='ocrx_word' id='word_1_318' title='bbox 838 2298 884 2318; x_wconf 90' lang='lat' dir='ltr'><strong>m.</strong></span> 
     </span>
     <span class='ocr_line' id='line_1_41' title="bbox 187 2333 883 2382; baseline -0.009 -13"><span class='ocrx_word' id='word_1_319' title='bbox 187 2351 233 2365; x_wconf 80' lang='grc' dir='ltr'><strong>Ξ</strong></span> <span class='ocrx_word' id='word_1_320' title='bbox 245 2335 478 2382; x_wconf 75' lang='lat' dir='ltr'><strong>inspectores]</strong></span> <span class='ocrx_word' id='word_1_321' title='bbox 499 2346 590 2380; x_wconf 84' lang='lat' dir='ltr'><strong>quae</strong></span> <span class='ocrx_word' id='word_1_322' title='bbox 613 2333 810 2366; x_wconf 69' lang='lat' dir='ltr'><strong>intencione</strong></span> <span class='ocrx_word' id='word_1_323' title='bbox 833 2342 883 2364; x_wconf 81' lang='lat' dir='ltr'><strong>oc.</strong></span> 
     </span>
     <span class='ocr_line' id='line_1_42' title="bbox 188 2376 885 2427; baseline -0.009 -13"><span class='ocrx_word' id='word_1_324' title='bbox 188 2380 372 2427; x_wconf 70' lang='lat' dir='ltr'><strong>defatigat</strong></span> <span class='ocrx_word' id='word_1_325' title='bbox 383 2405 393 2423; x_wconf 88' lang='lat'>,</span> <span class='ocrx_word' id='word_1_326' title='bbox 418 2381 451 2413; x_wconf 77' lang='lat' dir='ltr'><strong>si</strong></span> <span class='ocrx_word' id='word_1_327' title='bbox 471 2380 559 2413; x_wconf 83' lang='lat' dir='ltr'><strong>mali</strong></span> <span class='ocrx_word' id='word_1_328' title='bbox 596 2379 643 2412; x_wconf 86' lang='lat' dir='ltr'><strong>ni</strong></span> <span class='ocrx_word' id='word_1_329' title='bbox 663 2377 737 2410; x_wconf 86' lang='lat' dir='ltr'><strong>nil</strong></span> <span class='ocrx_word' id='word_1_330' title='bbox 755 2376 885 2410; x_wconf 74' lang='lat' dir='ltr'><strong>habent</strong></span> 
     </span>
     <span class='ocr_line' id='line_1_43' title="bbox 187 2423 885 2472; baseline -0.007 -13"><span class='ocrx_word' id='word_1_331' title='bbox 187 2436 221 2460; x_wconf 80' lang='lat' dir='ltr'><strong>et</strong></span> <span class='ocrx_word' id='word_1_332' title='bbox 239 2425 530 2472; x_wconf 78' lang='lat' dir='ltr'><strong>praeclarum</strong></span> <span class='ocrx_word' id='word_1_333' title='bbox 568 2435 670 2457; x_wconf 81' lang='lat' dir='ltr'><strong>umen</strong></span> <span class='ocrx_word' id='word_1_334' title='bbox 693 2434 782 2455; x_wconf 86' lang='lat' dir='ltr'><strong>non</strong></span> <span class='ocrx_word' id='word_1_335' title='bbox 805 2423 885 2455; x_wconf 67' lang='lat' dir='ltr'><strong>lia-</strong></span> 
     </span>
     <span class='ocr_line' id='line_1_44' title="bbox 187 2470 886 2514; baseline -0.006 -9"><span class='ocrx_word' id='word_1_336' title='bbox 187 2472 207 2505; x_wconf 81' lang='lat' dir='ltr'><strong><em>b</em></strong></span> <span class='ocrx_word' id='word_1_337' title='bbox 218 2485 237 2505; x_wconf 88' lang='lat' dir='ltr'><strong>e</strong></span> <span class='ocrx_word' id='word_1_338' title='bbox 248 2481 275 2505; x_wconf 73' lang='lat' dir='ltr'><strong>t.</strong></span> <span class='ocrx_word' id='word_1_339' title='bbox 329 2471 359 2504; x_wconf 79' lang='lat' dir='ltr'>R</span> <span class='ocrx_word' id='word_1_340' title='bbox 369 2486 414 2499; x_wconf 84' lang='lat'>=</span> <span class='ocrx_word' id='word_1_341' title='bbox 426 2472 482 2504; x_wconf 80' lang='lat' dir='ltr'><strong>rei</strong></span> <span class='ocrx_word' id='word_1_342' title='bbox 510 2470 600 2504; x_wconf 74' lang='lat' dir='ltr'><em>subt.</em></span> <span class='ocrx_word' id='word_1_343' title='bbox 631 2471 767 2514; x_wconf 78' lang='lat' dir='ltr'><strong>inspect</strong></span> <span class='ocrx_word' id='word_1_344' title='bbox 778 2479 798 2500; x_wconf 86' lang='grc' dir='ltr'><em>ο</em></span> <span class='ocrx_word' id='word_1_345' title='bbox 807 2480 827 2499; x_wconf 88' lang='lat' dir='ltr'><em>r</em></span> <span class='ocrx_word' id='word_1_346' title='bbox 837 2480 856 2500; x_wconf 88' lang='lat' dir='ltr'><strong>e</strong></span> <span class='ocrx_word' id='word_1_347' title='bbox 867 2479 886 2501; x_wconf 74' lang='lat' dir='ltr'><strong>s</strong></span> 
     </span>
     <span class='ocr_line' id='line_1_45' title="bbox 186 2514 884 2563; baseline -0.007 -13"><span class='ocrx_word' id='word_1_348' title='bbox 186 2529 276 2563; x_wconf 85' lang='lat' dir='ltr'><strong>quae</strong></span> <span class='ocrx_word' id='word_1_349' title='bbox 296 2518 359 2550; x_wconf 74' lang='lat' dir='ltr'><strong>int.</strong></span> <span class='ocrx_word' id='word_1_350' title='bbox 389 2528 438 2550; x_wconf 83' lang='lat' dir='ltr'><strong>oc.</strong></span> <span class='ocrx_word' id='word_1_351' title='bbox 462 2515 606 2561; x_wconf 74' lang='lat' dir='ltr'><strong>defatig</strong></span> <span class='ocrx_word' id='word_1_352' title='bbox 615 2527 639 2548; x_wconf 87' lang='lat' dir='ltr'><em>a</em></span> <span class='ocrx_word' id='word_1_353' title='bbox 648 2526 670 2547; x_wconf 84' lang='lat' dir='ltr'><strong>n</strong></span> <span class='ocrx_word' id='word_1_354' title='bbox 681 2523 695 2546; x_wconf 80' lang='grc' dir='ltr'><strong><em>ι</em></strong></span> <span class='ocrx_word' id='word_1_355' title='bbox 704 2539 713 2554; x_wconf 92' lang='grc'>,</span> <span class='ocrx_word' id='word_1_356' title='bbox 746 2514 781 2546; x_wconf 75' lang='lat' dir='ltr'><strong>si</strong></span> <span class='ocrx_word' id='word_1_357' title='bbox 804 2525 884 2546; x_wconf 82' lang='lat' dir='ltr'><strong>ma-</strong></span> 
     </span>
     <span class='ocr_line' id='line_1_46' title="bbox 187 2558 881 2608; baseline -0.006 -13"><span class='ocrx_word' id='word_1_358' title='bbox 187 2564 326 2608; x_wconf 81' lang='lat' dir='ltr'><strong>lignum</strong></span> <span class='ocrx_word' id='word_1_359' title='bbox 343 2561 474 2595; x_wconf 74' lang='lat' dir='ltr'><strong>habent</strong></span> <span class='ocrx_word' id='word_1_360' title='bbox 493 2570 527 2594; x_wconf 74' lang='lat' dir='ltr'><strong>et</strong></span> <span class='ocrx_word' id='word_1_361' title='bbox 549 2572 573 2593; x_wconf 90' lang='lat' dir='ltr'><strong>n</strong></span> <span class='ocrx_word' id='word_1_362' title='bbox 583 2572 603 2593; x_wconf 87' lang='grc' dir='ltr'><strong><em>ο</em></strong></span> <span class='ocrx_word' id='word_1_363' title='bbox 613 2572 636 2593; x_wconf 87' lang='lat' dir='ltr'><strong>n</strong></span> <span class='ocrx_word' id='word_1_364' title='bbox 656 2572 682 2605; x_wconf 85' lang='lat' dir='ltr'><strong>p</strong></span> <span class='ocrx_word' id='word_1_365' title='bbox 693 2572 711 2592; x_wconf 88' lang='lat' dir='ltr'><strong>r</strong></span> <span class='ocrx_word' id='word_1_366' title='bbox 723 2571 746 2591; x_wconf 85' lang='lat' dir='ltr'><em>a</em></span> <span class='ocrx_word' id='word_1_367' title='bbox 755 2571 774 2591; x_wconf 87' lang='lat' dir='ltr'><strong>e</strong></span> <span class='ocrx_word' id='word_1_368' title='bbox 785 2571 803 2591; x_wconf 86' lang='lat' dir='ltr'><strong>c</strong></span> <span class='ocrx_word' id='word_1_369' title='bbox 813 2558 881 2592; x_wconf 87' lang='lat' dir='ltr'><strong>la-</strong></span> 
     </span>
     <span class='ocr_line' id='line_1_47' title="bbox 187 2603 884 2640; baseline -0.006 0"><span class='ocrx_word' id='word_1_370' title='bbox 187 2621 206 2639; x_wconf 88' lang='lat' dir='ltr'><em>r</em></span> <span class='ocrx_word' id='word_1_371' title='bbox 214 2620 271 2640; x_wconf 85' lang='lat' dir='ltr'><strong>um</strong></span> <span class='ocrx_word' id='word_1_372' title='bbox 293 2609 420 2640; x_wconf 79' lang='lat' dir='ltr'><strong>lumen.</strong></span> <span class='ocrx_word' id='word_1_373' title='bbox 477 2605 548 2639; x_wconf 88' lang='lat' dir='ltr'><strong>Col.</strong></span> <span class='ocrx_word' id='word_1_374' title='bbox 560 2621 607 2635; x_wconf 89' lang='grc' dir='ltr'><strong>Ξ</strong></span> <span class='ocrx_word' id='word_1_375' title='bbox 619 2606 674 2638; x_wconf 87' lang='lat' dir='ltr'><strong>rei</strong></span> <span class='ocrx_word' id='word_1_376' title='bbox 703 2603 794 2637; x_wconf 77' lang='lat' dir='ltr'><strong>subt,</strong></span> <span class='ocrx_word' id='word_1_377' title='bbox 822 2604 884 2636; x_wconf 85' lang='lat' dir='ltr'><strong>in-</strong></span> 
     </span>
     <span class='ocr_line' id='line_1_48' title="bbox 187 2648 881 2700; baseline -0.006 -15"><span class='ocrx_word' id='word_1_378' title='bbox 187 2662 304 2700; x_wconf 76' lang='lat' dir='ltr'><strong>specto</strong></span> <span class='ocrx_word' id='word_1_379' title='bbox 314 2666 332 2685; x_wconf 90' lang='lat' dir='ltr'><strong>r</strong></span> <span class='ocrx_word' id='word_1_380' title='bbox 344 2665 362 2685; x_wconf 92' lang='lat' dir='ltr'><strong>e</strong></span> <span class='ocrx_word' id='word_1_381' title='bbox 375 2666 392 2686; x_wconf 80' lang='lat' dir='ltr'><strong>s</strong></span> <span class='ocrx_word' id='word_1_382' title='bbox 414 2664 503 2698; x_wconf 82' lang='lat' dir='ltr'><strong>quae</strong></span> <span class='ocrx_word' id='word_1_383' title='bbox 525 2653 589 2685; x_wconf 76' lang='lat' dir='ltr'><strong>int.</strong></span> <span class='ocrx_word' id='word_1_384' title='bbox 613 2663 663 2684; x_wconf 86' lang='lat' dir='ltr'><strong>oc.</strong></span> <span class='ocrx_word' id='word_1_385' title='bbox 688 2648 881 2695; x_wconf 75' lang='lat' dir='ltr'><strong>defatigat,</strong></span> 
     </span>
     <span class='ocr_line' id='line_1_49' title="bbox 185 2695 883 2744; baseline -0.007 -13"><span class='ocrx_word' id='word_1_386' title='bbox 185 2699 220 2731; x_wconf 73' lang='lat' dir='ltr'><strong>si</strong></span> <span class='ocrx_word' id='word_1_387' title='bbox 239 2709 326 2730; x_wconf 88' lang='lat' dir='ltr'><strong>non</strong></span> <span class='ocrx_word' id='word_1_388' title='bbox 346 2709 556 2744; x_wconf 86' lang='lat' dir='ltr'><strong>magnum</strong></span> <span class='ocrx_word' id='word_1_389' title='bbox 571 2695 883 2740; x_wconf 71' lang='lat' dir='ltr'><strong>habencecprae-</strong></span> 
     </span>
     <span class='ocr_line' id='line_1_50' title="bbox 185 2738 883 2777; baseline -0.006 -1"><span class='ocrx_word' id='word_1_390' title='bbox 185 2756 204 2776; x_wconf 85' lang='lat' dir='ltr'><strong>c</strong></span> <span class='ocrx_word' id='word_1_391' title='bbox 214 2743 231 2776; x_wconf 93' lang='lat' dir='ltr'><strong>l</strong></span> <span class='ocrx_word' id='word_1_392' title='bbox 238 2755 261 2776; x_wconf 90' lang='grc' dir='ltr'><em>α</em></span> <span class='ocrx_word' id='word_1_393' title='bbox 273 2756 292 2776; x_wconf 88' lang='lat' dir='ltr'><strong>r</strong></span> <span class='ocrx_word' id='word_1_394' title='bbox 301 2755 359 2775; x_wconf 88' lang='lat' dir='ltr'><strong>um</strong></span> <span class='ocrx_word' id='word_1_395' title='bbox 379 2743 507 2775; x_wconf 86' lang='lat' dir='ltr'><strong>lumen.</strong></span> <span class='ocrx_word' id='word_1_396' title='bbox 542 2743 586 2775; x_wconf 86' lang='lat' dir='ltr'><strong>Sc</strong></span> <span class='ocrx_word' id='word_1_397' title='bbox 595 2742 658 2777; x_wconf 66' lang='lat'><strong>&#39;128</strong></span> <span class='ocrx_word' id='word_1_398' title='bbox 667 2756 714 2770; x_wconf 91' lang='lat'>=</span> <span class='ocrx_word' id='word_1_399' title='bbox 725 2741 780 2772; x_wconf 81' lang='lat' dir='ltr'><strong>rei</strong></span> <span class='ocrx_word' id='word_1_400' title='bbox 793 2738 883 2773; x_wconf 72' lang='lat' dir='ltr'><strong>subt.</strong></span> 
     </span>
     <span class='ocr_line' id='line_1_51' title="bbox 184 2785 882 2834; baseline -0.006 -13"><span class='ocrx_word' id='word_1_401' title='bbox 184 2789 322 2834; x_wconf 61' lang='lat' dir='ltr'><strong>ins-pecs</strong></span> <span class='ocrx_word' id='word_1_402' title='bbox 331 2800 350 2821; x_wconf 89' lang='lat' dir='ltr'><strong>o</strong></span> <span class='ocrx_word' id='word_1_403' title='bbox 361 2800 381 2820; x_wconf 85' lang='lat' dir='ltr'><em>r</em></span> <span class='ocrx_word' id='word_1_404' title='bbox 392 2801 411 2820; x_wconf 88' lang='lat' dir='ltr'><strong>e</strong></span> <span class='ocrx_word' id='word_1_405' title='bbox 421 2800 440 2820; x_wconf 76' lang='lat' dir='ltr'><strong>s</strong></span> <span class='ocrx_word' id='word_1_406' title='bbox 470 2801 491 2834; x_wconf 88' lang='lat' dir='ltr'><em>q</em></span> <span class='ocrx_word' id='word_1_407' title='bbox 501 2800 523 2821; x_wconf 87' lang='lat' dir='ltr'><em>u</em></span> <span class='ocrx_word' id='word_1_408' title='bbox 535 2789 550 2822; x_wconf 82' lang='grc' dir='ltr'><strong>ι’</strong></span> <span class='ocrx_word' id='word_1_409' title='bbox 577 2785 774 2821; x_wconf 71' lang='lat' dir='ltr'><strong>intencione</strong></span> <span class='ocrx_word' id='word_1_410' title='bbox 798 2797 882 2818; x_wconf 83' lang='lat' dir='ltr'><strong>ocu-</strong></span> 
     </span>
     <span class='ocr_line' id='line_1_52' title="bbox 183 2832 883 2879; baseline -0.006 -12"><span class='ocrx_word' id='word_1_411' title='bbox 183 2834 237 2867; x_wconf 80' lang='lat' dir='ltr'><strong>Ios</strong></span> <span class='ocrx_word' id='word_1_412' title='bbox 268 2833 413 2879; x_wconf 71' lang='lat' dir='ltr'><strong>defatig</strong></span> <span class='ocrx_word' id='word_1_413' title='bbox 422 2845 445 2866; x_wconf 86' lang='lat' dir='ltr'><strong><em>a</em></strong></span> <span class='ocrx_word' id='word_1_414' title='bbox 454 2845 478 2866; x_wconf 86' lang='lat' dir='ltr'><strong>n</strong></span> <span class='ocrx_word' id='word_1_415' title='bbox 487 2842 502 2866; x_wconf 75' lang='lat' dir='ltr'><em>t</em></span> <span class='ocrx_word' id='word_1_416' title='bbox 513 2858 524 2877; x_wconf 87' lang='lat'>,</span> <span class='ocrx_word' id='word_1_417' title='bbox 555 2833 590 2867; x_wconf 73' lang='lat' dir='ltr'><strong>si</strong></span> <span class='ocrx_word' id='word_1_418' title='bbox 619 2832 817 2878; x_wconf 84' lang='lat' dir='ltr'><strong>malignum</strong></span> <span class='ocrx_word' id='word_1_419' title='bbox 848 2838 883 2864; x_wconf 75' lang='lat' dir='ltr'><strong>et</strong></span> 
     </span>
    </p>
   </div>
   <div class='ocr_carea' id='block_1_8' title="bbox 971 969 1634 1031">
    <p class='ocr_par' dir='ltr' id='par_1_8' title="bbox 971 969 1634 1031">
     <span class='ocr_line' id='line_1_53' title="bbox 971 969 1634 1031; baseline -0.011 -14"><span class='ocrx_word' id='word_1_420' title='bbox 971 973 1139 1031; x_wconf 80' lang='lat' dir='ltr'><strong>Sapiens</strong></span> <span class='ocrx_word' id='word_1_421' title='bbox 1161 974 1460 1027; x_wconf 81' lang='lat' dir='ltr'><strong>adsectatorque</strong></span> <span class='ocrx_word' id='word_1_422' title='bbox 1480 969 1634 1026; x_wconf 84' lang='lat' dir='ltr'><strong>sapien-</strong></span> 
     </span>
    </p>
   </div>
   <div class='ocr_carea' id='block_1_9' title="bbox 920 1082 1637 2704">
    <p class='ocr_par' dir='ltr' id='par_1_9' title="bbox 920 1082 1637 2704">
     <span class='ocr_line' id='line_1_54' title="bbox 938 1082 1635 1133; baseline -0.01 -13"><span class='ocrx_word' id='word_1_423' title='bbox 938 1099 1025 1120; x_wconf 87' lang='lat' dir='ltr'><strong>non</strong></span> <span class='ocrx_word' id='word_1_424' title='bbox 1048 1084 1354 1133; x_wconf 57' lang='lat' dir='ltr'><strong>praeclarum</strong></span> <span class='ocrx_word' id='word_1_425' title='bbox 1379 1082 1529 1128; x_wconf 61' lang='lat' dir='ltr'><strong>[23=si</strong></span> <span class='ocrx_word' id='word_1_426' title='bbox 1548 1092 1635 1114; x_wconf 85' lang='lat' dir='ltr'><strong>non</strong></span> 
     </span>
     <span class='ocr_line' id='line_1_55' title="bbox 937 1127 1635 1178; baseline -0.01 -12"><span class='ocrx_word' id='word_1_427' title='bbox 937 1145 972 1166; x_wconf 85' lang='lat' dir='ltr'><strong>m</strong></span> <span class='ocrx_word' id='word_1_428' title='bbox 982 1145 1038 1178; x_wconf 83' lang='lat' dir='ltr'><strong>ag</strong></span> <span class='ocrx_word' id='word_1_429' title='bbox 1048 1143 1071 1165; x_wconf 90' lang='lat' dir='ltr'><strong>n</strong></span> <span class='ocrx_word' id='word_1_430' title='bbox 1082 1144 1105 1165; x_wconf 83' lang='lat' dir='ltr'><em>u</em></span> <span class='ocrx_word' id='word_1_431' title='bbox 1115 1143 1149 1164; x_wconf 89' lang='lat' dir='ltr'><strong>m</strong></span> <span class='ocrx_word' id='word_1_432' title='bbox 1179 1139 1213 1164; x_wconf 70' lang='lat' dir='ltr'><strong>ee</strong></span> <span class='ocrx_word' id='word_1_433' title='bbox 1238 1129 1391 1177; x_wconf 67' lang='lat' dir='ltr'><strong>praed]</strong></span> <span class='ocrx_word' id='word_1_434' title='bbox 1425 1129 1542 1162; x_wconf 75' lang='lat' dir='ltr'><strong>launen</strong></span> <span class='ocrx_word' id='word_1_435' title='bbox 1564 1127 1635 1159; x_wconf 79' lang='grc' dir='ltr'><strong><em>Ιιιι-</em></strong></span> 
     </span>
     <span class='ocr_line' id='line_1_56' title="bbox 937 1173 1636 1220; baseline -0.01 -9"><span class='ocrx_word' id='word_1_436' title='bbox 937 1178 1029 1211; x_wconf 76' lang='lat' dir='ltr'><strong>bem.</strong></span> <span class='ocrx_word' id='word_1_437' title='bbox 1075 1177 1179 1220; x_wconf 75' lang='lat' dir='ltr'><strong>Arg-b</strong></span> <span class='ocrx_word' id='word_1_438' title='bbox 1188 1191 1235 1205; x_wconf 88' lang='grc' dir='ltr'><strong>Ξ</strong></span> <span class='ocrx_word' id='word_1_439' title='bbox 1246 1176 1302 1209; x_wconf 84' lang='lat' dir='ltr'><strong>tei</strong></span> <span class='ocrx_word' id='word_1_440' title='bbox 1328 1178 1417 1208; x_wconf 73' lang='lat' dir='ltr'><strong>subt.</strong></span> <span class='ocrx_word' id='word_1_441' title='bbox 1427 1173 1429 1175; x_wconf 64' lang='grc'><strong>’</strong></span> <span class='ocrx_word' id='word_1_442' title='bbox 1440 1173 1636 1206; x_wconf 76' lang='lat' dir='ltr'><strong>intentione</strong></span> 
     </span>
     <span class='ocr_line' id='line_1_57' title="bbox 937 1217 1635 1269; baseline -0.009 -14"><span class='ocrx_word' id='word_1_443' title='bbox 937 1236 989 1269; x_wconf 86' lang='lat' dir='ltr'><strong>qu</strong></span> <span class='ocrx_word' id='word_1_444' title='bbox 999 1235 1023 1256; x_wconf 86' lang='lat' dir='ltr'><em>a</em></span> <span class='ocrx_word' id='word_1_445' title='bbox 1041 1223 1158 1254; x_wconf 77' lang='lat' dir='ltr'><strong>oculos</strong></span> <span class='ocrx_word' id='word_1_446' title='bbox 1177 1219 1353 1266; x_wconf 70' lang='lat' dir='ltr'><strong>defatiga</strong></span> <span class='ocrx_word' id='word_1_447' title='bbox 1364 1226 1422 1258; x_wconf 76' lang='lat' dir='ltr'><strong>nt,</strong></span> <span class='ocrx_word' id='word_1_448' title='bbox 1447 1219 1480 1251; x_wconf 78' lang='lat' dir='ltr'><strong>si</strong></span> <span class='ocrx_word' id='word_1_449' title='bbox 1497 1217 1579 1250; x_wconf 84' lang='lat' dir='ltr'><strong>mal.</strong></span> <span class='ocrx_word' id='word_1_450' title='bbox 1601 1225 1635 1250; x_wconf 75' lang='lat' dir='ltr'><strong>et</strong></span> 
     </span>
     <span class='ocr_line' id='line_1_58' title="bbox 935 1262 1636 1313; baseline -0.007 -12"><span class='ocrx_word' id='word_1_451' title='bbox 935 1268 1241 1313; x_wconf 82' lang='lat' dir='ltr'><strong>praeclarum</strong></span> <span class='ocrx_word' id='word_1_452' title='bbox 1261 1266 1379 1299; x_wconf 82' lang='lat' dir='ltr'><strong>lumen</strong></span> <span class='ocrx_word' id='word_1_453' title='bbox 1397 1263 1540 1296; x_wconf 70' lang='lat' dir='ltr'><strong>habene.</strong></span> <span class='ocrx_word' id='word_1_454' title='bbox 1583 1262 1636 1296; x_wconf 83' lang='grc' dir='ltr'><strong>Βα</strong></span> 
     </span>
     <span class='ocr_line' id='line_1_59' title="bbox 937 1311 1635 1356; baseline -0.011 -8"><span class='ocrx_word' id='word_1_455' title='bbox 937 1314 1042 1348; x_wconf 83' lang='grc' dir='ltr'>λΚΘυ</span> <span class='ocrx_word' id='word_1_456' title='bbox 1052 1328 1098 1341; x_wconf 92' lang='grc' dir='ltr'><strong>Ξ</strong></span> <span class='ocrx_word' id='word_1_457' title='bbox 1109 1313 1164 1345; x_wconf 83' lang='lat' dir='ltr'><strong>rei</strong></span> <span class='ocrx_word' id='word_1_458' title='bbox 1182 1311 1272 1345; x_wconf 78' lang='lat' dir='ltr'><strong>subt.</strong></span> <span class='ocrx_word' id='word_1_459' title='bbox 1293 1312 1430 1356; x_wconf 78' lang='lat' dir='ltr'><strong>inspect</strong></span> <span class='ocrx_word' id='word_1_460' title='bbox 1438 1320 1459 1341; x_wconf 92' lang='lat' dir='ltr'><strong>o</strong></span> <span class='ocrx_word' id='word_1_461' title='bbox 1468 1320 1488 1341; x_wconf 81' lang='grc' dir='ltr'><strong>ι·</strong></span> <span class='ocrx_word' id='word_1_462' title='bbox 1496 1321 1516 1341; x_wconf 84' lang='lat' dir='ltr'><strong>e</strong></span> <span class='ocrx_word' id='word_1_463' title='bbox 1525 1320 1544 1341; x_wconf 77' lang='lat' dir='ltr'><strong>s</strong></span> <span class='ocrx_word' id='word_1_464' title='bbox 1551 1320 1573 1356; x_wconf 70' lang='lat' dir='ltr'><em>q</em></span> <span class='ocrx_word' id='word_1_465' title='bbox 1583 1319 1607 1340; x_wconf 86' lang='lat' dir='ltr'><em>u</em></span> <span class='ocrx_word' id='word_1_466' title='bbox 1616 1319 1635 1340; x_wconf 86' lang='lat' dir='ltr'><strong>e</strong></span> 
     </span>
     <span class='ocr_line' id='line_1_60' title="bbox 935 1352 1637 1402; baseline -0.011 -10"><span class='ocrx_word' id='word_1_467' title='bbox 935 1359 1133 1392; x_wconf 81' lang='lat' dir='ltr'><strong>intentione</strong></span> <span class='ocrx_word' id='word_1_468' title='bbox 1156 1369 1205 1390; x_wconf 85' lang='lat' dir='ltr'><strong>oc.</strong></span> <span class='ocrx_word' id='word_1_469' title='bbox 1230 1354 1414 1402; x_wconf 75' lang='lat' dir='ltr'><strong>defatigat</strong></span> <span class='ocrx_word' id='word_1_470' title='bbox 1423 1379 1434 1395; x_wconf 91' lang='lat'><em>‚</em></span> <span class='ocrx_word' id='word_1_471' title='bbox 1466 1354 1502 1386; x_wconf 71' lang='grc' dir='ltr'><strong>εἰ</strong></span> <span class='ocrx_word' id='word_1_472' title='bbox 1523 1365 1556 1386; x_wconf 90' lang='lat' dir='ltr'><strong>m</strong></span> <span class='ocrx_word' id='word_1_473' title='bbox 1565 1365 1590 1385; x_wconf 86' lang='lat' dir='ltr'><strong><em>a</em></strong></span> <span class='ocrx_word' id='word_1_474' title='bbox 1598 1352 1637 1384; x_wconf 83' lang='lat' dir='ltr'><strong>li</strong></span> 
     </span>
     <span class='ocr_line' id='line_1_61' title="bbox 936 1399 1636 1447; baseline -0.011 -9"><span class='ocrx_word' id='word_1_475' title='bbox 936 1405 1010 1437; x_wconf 88' lang='lat' dir='ltr'><strong>nil</strong></span> <span class='ocrx_word' id='word_1_476' title='bbox 1041 1403 1190 1443; x_wconf 81' lang='lat' dir='ltr'><strong>habent,</strong></span> <span class='ocrx_word' id='word_1_477' title='bbox 1214 1401 1494 1447; x_wconf 80' lang='lat' dir='ltr'><strong>praeclarum</strong></span> <span class='ocrx_word' id='word_1_478' title='bbox 1518 1399 1636 1431; x_wconf 78' lang='lat' dir='ltr'><strong>lumen</strong></span> 
     </span>
     <span class='ocr_line' id='line_1_62' title="bbox 936 1443 1631 1497; baseline -0.012 -14"><span class='ocrx_word' id='word_1_479' title='bbox 936 1448 1111 1483; x_wconf 75' lang='lat' dir='ltr'><strong>habent</strong></span> <span class='ocrx_word' id='word_1_480' title='bbox 1146 1447 1409 1494; x_wconf 71' lang='grc' dir='ltr'><strong>(αλΚΘυΞεε</strong></span> <span class='ocrx_word' id='word_1_481' title='bbox 1439 1444 1573 1497; x_wconf 72' lang='lat' dir='ltr'><strong>praeci.</strong></span> <span class='ocrx_word' id='word_1_482' title='bbox 1607 1443 1631 1476; x_wconf 87' lang='lat' dir='ltr'><em>L</em></span> 
     </span>
     <span class='ocr_line' id='line_1_63' title="bbox 936 1489 1634 1536; baseline -0.011 -8"><span class='ocrx_word' id='word_1_483' title='bbox 936 1507 960 1528; x_wconf 92' lang='lat' dir='ltr'><strong>n</strong></span> <span class='ocrx_word' id='word_1_484' title='bbox 972 1507 991 1527; x_wconf 90' lang='grc' dir='ltr'><em>ο</em></span> <span class='ocrx_word' id='word_1_485' title='bbox 999 1506 1023 1527; x_wconf 88' lang='lat' dir='ltr'><strong>n</strong></span> <span class='ocrx_word' id='word_1_486' title='bbox 1049 1492 1203 1536; x_wconf 79' lang='lat' dir='ltr'><strong>habent.)</strong></span> <span class='ocrx_word' id='word_1_487' title='bbox 1251 1503 1298 1536; x_wconf 79' lang='grc' dir='ltr'><strong>γπ</strong></span> <span class='ocrx_word' id='word_1_488' title='bbox 1322 1499 1399 1524; x_wconf 78' lang='lat' dir='ltr'><strong>cum·</strong></span> <span class='ocrx_word' id='word_1_489' title='bbox 1416 1489 1468 1522; x_wconf 82' lang='lat' dir='ltr'><strong>lus</strong></span> <span class='ocrx_word' id='word_1_490' title='bbox 1489 1499 1634 1521; x_wconf 85' lang='lat' dir='ltr'><strong>consen·-</strong></span> 
     </span>
     <span class='ocr_line' id='line_1_64' title="bbox 934 1534 1635 1583; baseline -0.01 -11"><span class='ocrx_word' id='word_1_491' title='bbox 934 1540 1036 1582; x_wconf 85' lang='lat' dir='ltr'><strong>tiunt,</strong></span> <span class='ocrx_word' id='word_1_492' title='bbox 1059 1545 1292 1583; x_wconf 74' lang='lat' dir='ltr'><strong>praeterquam</strong></span> <span class='ocrx_word' id='word_1_493' title='bbox 1313 1535 1404 1580; x_wconf 89' lang='lat' dir='ltr'><strong>quod</strong></span> <span class='ocrx_word' id='word_1_494' title='bbox 1422 1541 1570 1568; x_wconf 78' lang='lat' dir='ltr'><strong>extrema</strong></span> <span class='ocrx_word' id='word_1_495' title='bbox 1587 1534 1635 1565; x_wconf 70' lang='lat' dir='ltr'><strong>sic</strong></span> 
     </span>
     <span class='ocr_line' id='line_1_65' title="bbox 937 1585 1634 1625; baseline -0.01 -8"><span class='ocrx_word' id='word_1_496' title='bbox 937 1585 1111 1617; x_wconf 81' lang='lat' dir='ltr'><strong>exhibent:</strong></span> <span class='ocrx_word' id='word_1_497' title='bbox 1159 1585 1192 1616; x_wconf 70' lang='lat' dir='ltr'><strong>si</strong></span> <span class='ocrx_word' id='word_1_498' title='bbox 1227 1594 1317 1615; x_wconf 88' lang='lat' dir='ltr'><strong>non</strong></span> <span class='ocrx_word' id='word_1_499' title='bbox 1350 1591 1565 1625; x_wconf 83' lang='lat' dir='ltr'><strong>magnum</strong></span> <span class='ocrx_word' id='word_1_500' title='bbox 1599 1586 1634 1611; x_wconf 80' lang='lat' dir='ltr'><strong>et</strong></span> 
     </span>
     <span class='ocr_line' id='line_1_66' title="bbox 932 1625 1633 1676; baseline -0.013 -13"><span class='ocrx_word' id='word_1_501' title='bbox 932 1630 1066 1676; x_wconf 78' lang='lat' dir='ltr'><strong>praeel.</strong></span> <span class='ocrx_word' id='word_1_502' title='bbox 1100 1629 1184 1662; x_wconf 84' lang='lat' dir='ltr'><strong>lum.</strong></span> <span class='ocrx_word' id='word_1_503' title='bbox 1220 1626 1300 1660; x_wconf 81' lang='lat' dir='ltr'><strong>hab.</strong></span> <span class='ocrx_word' id='word_1_504' title='bbox 1356 1625 1570 1669; x_wconf 79' lang='lat' dir='ltr'><strong>Reliquorum</strong></span> <span class='ocrx_word' id='word_1_505' title='bbox 1595 1635 1633 1667; x_wconf 79' lang='grc' dir='ltr'><strong>ρρ</strong></span> 
     </span>
     <span class='ocr_line' id='line_1_67' title="bbox 935 1669 1633 1718; baseline -0.007 -11"><span class='ocrx_word' id='word_1_506' title='bbox 935 1675 1040 1707; x_wconf 82' lang='lat' dir='ltr'><strong>altera</strong></span> <span class='ocrx_word' id='word_1_507' title='bbox 1069 1685 1146 1718; x_wconf 82' lang='lat' dir='ltr'><strong>pars</strong></span> <span class='ocrx_word' id='word_1_508' title='bbox 1169 1688 1215 1702; x_wconf 91' lang='lat'>=</span> <span class='ocrx_word' id='word_1_509' title='bbox 1237 1673 1293 1705; x_wconf 85' lang='lat' dir='ltr'><strong>rei</strong></span> <span class='ocrx_word' id='word_1_510' title='bbox 1323 1671 1412 1703; x_wconf 74' lang='lat' dir='ltr'><strong>subt.</strong></span> <span class='ocrx_word' id='word_1_511' title='bbox 1445 1681 1536 1715; x_wconf 81' lang='lat' dir='ltr'><strong>quae</strong></span> <span class='ocrx_word' id='word_1_512' title='bbox 1568 1669 1633 1702; x_wconf 73' lang='lat' dir='ltr'><strong>ine.</strong></span> 
     </span>
     <span class='ocr_line' id='line_1_68' title="bbox 935 1715 1634 1764; baseline -0.011 -11"><span class='ocrx_word' id='word_1_513' title='bbox 935 1733 958 1753; x_wconf 83' lang='lat' dir='ltr'><strong><em>a</em></strong></span> <span class='ocrx_word' id='word_1_514' title='bbox 969 1721 1060 1753; x_wconf 83' lang='lat' dir='ltr'><strong>nim</strong></span> <span class='ocrx_word' id='word_1_515' title='bbox 1071 1732 1091 1752; x_wconf 91' lang='lat' dir='ltr'><strong>o</strong></span> <span class='ocrx_word' id='word_1_516' title='bbox 1102 1732 1121 1752; x_wconf 80' lang='lat' dir='ltr'><strong>s</strong></span> <span class='ocrx_word' id='word_1_517' title='bbox 1142 1718 1327 1764; x_wconf 75' lang='lat' dir='ltr'><strong>defatigat</strong></span> <span class='ocrx_word' id='word_1_518' title='bbox 1337 1742 1346 1756; x_wconf 94' lang='lat'><em>,</em></span> <span class='ocrx_word' id='word_1_519' title='bbox 1380 1716 1415 1748; x_wconf 78' lang='lat' dir='ltr'><strong>si</strong></span> <span class='ocrx_word' id='word_1_520' title='bbox 1435 1715 1634 1760; x_wconf 78' lang='lat' dir='ltr'><strong>malignum</strong></span> 
     </span>
     <span class='ocr_line' id='line_1_69' title="bbox 935 1761 1633 1810; baseline -0.013 -11"><span class='ocrx_word' id='word_1_521' title='bbox 935 1765 1066 1799; x_wconf 70' lang='lat' dir='ltr'><strong>habent</strong></span> <span class='ocrx_word' id='word_1_522' title='bbox 1078 1773 1113 1798; x_wconf 72' lang='lat' dir='ltr'><strong>et</strong></span> <span class='ocrx_word' id='word_1_523' title='bbox 1123 1777 1167 1810; x_wconf 87' lang='lat' dir='ltr'><strong>pr</strong></span> <span class='ocrx_word' id='word_1_524' title='bbox 1178 1776 1200 1796; x_wconf 83' lang='grc' dir='ltr'><strong>ιι</strong></span> <span class='ocrx_word' id='word_1_525' title='bbox 1211 1761 1527 1796; x_wconf 80' lang='lat' dir='ltr'><strong>eclarumlumen</strong></span> <span class='ocrx_word' id='word_1_526' title='bbox 1546 1770 1633 1791; x_wconf 85' lang='lat' dir='ltr'><strong>non</strong></span> 
     </span>
     <span class='ocr_line' id='line_1_70' title="bbox 934 1805 1634 1850; baseline -0.01 -6"><span class='ocrx_word' id='word_1_527' title='bbox 934 1810 1130 1844; x_wconf 77' lang='lat' dir='ltr'><strong>habent.-</strong></span> <span class='ocrx_word' id='word_1_528' title='bbox 1163 1809 1268 1842; x_wconf 80' lang='lat' dir='ltr'><strong>altera</strong></span> <span class='ocrx_word' id='word_1_529' title='bbox 1286 1822 1332 1837; x_wconf 81' lang='grc' dir='ltr'><strong>Ξ</strong></span> <span class='ocrx_word' id='word_1_530' title='bbox 1352 1808 1407 1840; x_wconf 83' lang='lat' dir='ltr'><strong>rei</strong></span> <span class='ocrx_word' id='word_1_531' title='bbox 1430 1805 1519 1839; x_wconf 65' lang='lat' dir='ltr'><em>subt.</em></span> <span class='ocrx_word' id='word_1_532' title='bbox 1544 1816 1634 1850; x_wconf 80' lang='lat' dir='ltr'><strong>quae</strong></span> 
     </span>
     <span class='ocr_line' id='line_1_71' title="bbox 932 1853 1632 1900; baseline -0.011 -11"><span class='ocrx_word' id='word_1_533' title='bbox 932 1857 999 1890; x_wconf 78' lang='lat' dir='ltr'><strong>int.</strong></span> <span class='ocrx_word' id='word_1_534' title='bbox 1031 1868 1080 1889; x_wconf 82' lang='lat' dir='ltr'><strong>oc.</strong></span> <span class='ocrx_word' id='word_1_535' title='bbox 1112 1854 1296 1900; x_wconf 58' lang='lat' dir='ltr'><strong>defetigat</strong></span> <span class='ocrx_word' id='word_1_536' title='bbox 1307 1878 1316 1894; x_wconf 93' lang='lat'>,</span> <span class='ocrx_word' id='word_1_537' title='bbox 1360 1853 1394 1886; x_wconf 82' lang='lat' dir='ltr'><strong>si</strong></span> <span class='ocrx_word' id='word_1_538' title='bbox 1425 1863 1448 1884; x_wconf 91' lang='lat' dir='ltr'><strong>n</strong></span> <span class='ocrx_word' id='word_1_539' title='bbox 1459 1863 1479 1884; x_wconf 91' lang='lat' dir='ltr'><strong>o</strong></span> <span class='ocrx_word' id='word_1_540' title='bbox 1490 1862 1514 1882; x_wconf 85' lang='lat' dir='ltr'><strong>n</strong></span> <span class='ocrx_word' id='word_1_541' title='bbox 1542 1862 1578 1882; x_wconf 79' lang='lat' dir='ltr'><strong>m</strong></span> <span class='ocrx_word' id='word_1_542' title='bbox 1587 1861 1632 1882; x_wconf 78' lang='lat' dir='ltr'><strong>a·</strong></span> 
     </span>
     <span class='ocr_line' id='line_1_72' title="bbox 967 1895 1633 1946; baseline -0.011 -12"><span class='ocrx_word' id='word_1_543' title='bbox 967 1914 1064 1934; x_wconf 86' lang='lat' dir='ltr'><strong>num</strong></span> <span class='ocrx_word' id='word_1_544' title='bbox 1082 1909 1201 1946; x_wconf 78' lang='lat' dir='ltr'><strong>ecpra</strong></span> <span class='ocrx_word' id='word_1_545' title='bbox 1212 1899 1413 1933; x_wconf 80' lang='lat' dir='ltr'><strong>eclarum</strong></span> <span class='ocrx_word' id='word_1_546' title='bbox 1433 1897 1552 1929; x_wconf 80' lang='lat' dir='ltr'><strong>lumen</strong></span> <span class='ocrx_word' id='word_1_547' title='bbox 1563 1895 1633 1928; x_wconf 79' lang='lat' dir='ltr'><strong>lm·-</strong></span> 
     </span>
     <span class='ocr_line' id='line_1_73' title="bbox 958 1941 1634 1980; baseline -0.007 0"><span class='ocrx_word' id='word_1_548' title='bbox 958 1956 1029 1980; x_wconf 77' lang='lat' dir='ltr'><strong>ent.</strong></span> <span class='ocrx_word' id='word_1_549' title='bbox 1084 1946 1176 1979; x_wconf 85' lang='lat' dir='ltr'><strong>Pinc.</strong></span> <span class='ocrx_word' id='word_1_550' title='bbox 1192 1957 1224 1978; x_wconf 83' lang='lat' dir='ltr'><strong>v.</strong></span> <span class='ocrx_word' id='word_1_551' title='bbox 1237 1944 1260 1977; x_wconf 88' lang='lat' dir='ltr'><strong>l.</strong></span> <span class='ocrx_word' id='word_1_552' title='bbox 1282 1959 1329 1973; x_wconf 87' lang='lat'><strong>=</strong></span> <span class='ocrx_word' id='word_1_553' title='bbox 1351 1955 1372 1976; x_wconf 84' lang='lat' dir='ltr'><strong>e</strong></span> <span class='ocrx_word' id='word_1_554' title='bbox 1381 1955 1404 1975; x_wconf 86' lang='lat' dir='ltr'><em>u</em></span> <span class='ocrx_word' id='word_1_555' title='bbox 1412 1954 1446 1974; x_wconf 90' lang='lat' dir='ltr'><strong>m</strong></span> <span class='ocrx_word' id='word_1_556' title='bbox 1479 1941 1634 1975; x_wconf 70' lang='lat' dir='ltr'><strong>alieuius</strong></span> 
     </span>
     <span class='ocr_line' id='line_1_74' title="bbox 936 1985 1633 2031; baseline -0.011 -5"><span class='ocrx_word' id='word_1_557' title='bbox 936 1993 991 2026; x_wconf 82' lang='lat' dir='ltr'><strong>rei</strong></span> <span class='ocrx_word' id='word_1_558' title='bbox 1020 1991 1109 2024; x_wconf 78' lang='lat' dir='ltr'><strong>subc.</strong></span> <span class='ocrx_word' id='word_1_559' title='bbox 1140 1991 1339 2024; x_wconf 71' lang='lat' dir='ltr'><strong>intentione</strong></span> <span class='ocrx_word' id='word_1_560' title='bbox 1358 1988 1476 2021; x_wconf 72' lang='lat' dir='ltr'><strong>oculos</strong></span> <span class='ocrx_word' id='word_1_561' title='bbox 1494 1985 1633 2031; x_wconf 77' lang='lat' dir='ltr'><strong>defati-</strong></span> 
     </span>
     <span class='ocr_line' id='line_1_75' title="bbox 934 2033 1633 2084; baseline -0.013 -13"><span class='ocrx_word' id='word_1_562' title='bbox 934 2049 1028 2084; x_wconf 82' lang='lat' dir='ltr'><strong>gan</strong></span> <span class='ocrx_word' id='word_1_563' title='bbox 1039 2045 1064 2070; x_wconf 75' lang='lat' dir='ltr'><strong>t.</strong></span> <span class='ocrx_word' id='word_1_564' title='bbox 1121 2037 1197 2069; x_wconf 89' lang='lat' dir='ltr'><strong>Duo</strong></span> <span class='ocrx_word' id='word_1_565' title='bbox 1222 2037 1301 2079; x_wconf 84' lang='lat' dir='ltr'><strong>Ops.</strong></span> <span class='ocrx_word' id='word_1_566' title='bbox 1313 2050 1360 2064; x_wconf 92' lang='lat'>=</span> <span class='ocrx_word' id='word_1_567' title='bbox 1373 2035 1406 2066; x_wconf 79' lang='lat' dir='ltr'><strong>si</strong></span> <span class='ocrx_word' id='word_1_568' title='bbox 1435 2033 1523 2066; x_wconf 78' lang='lat' dir='ltr'><strong>mali</strong></span> <span class='ocrx_word' id='word_1_569' title='bbox 1551 2042 1633 2063; x_wconf 84' lang='lat' dir='ltr'><strong>num</strong></span> 
     </span>
     <span class='ocr_line' id='line_1_76' title="bbox 936 2077 1630 2128; baseline -0.012 -13"><span class='ocrx_word' id='word_1_570' title='bbox 936 2092 971 2116; x_wconf 78' lang='lat' dir='ltr'><strong>et</strong></span> <span class='ocrx_word' id='word_1_571' title='bbox 999 2082 1192 2128; x_wconf 72' lang='lat' dir='ltr'><strong>praec-la</strong></span> <span class='ocrx_word' id='word_1_572' title='bbox 1203 2093 1291 2113; x_wconf 83' lang='lat' dir='ltr'><strong>rum</strong></span> <span class='ocrx_word' id='word_1_573' title='bbox 1326 2081 1444 2112; x_wconf 78' lang='lat' dir='ltr'><strong>lumen</strong></span> <span class='ocrx_word' id='word_1_574' title='bbox 1479 2077 1503 2109; x_wconf 79' lang='lat' dir='ltr'><em>h</em></span> <span class='ocrx_word' id='word_1_575' title='bbox 1551 2083 1630 2109; x_wconf 78' lang='lat' dir='ltr'><strong>em:</strong></span> 
     </span>
     <span class='ocr_line' id='line_1_77' title="bbox 934 2122 1632 2170; baseline -0.011 -10"><span class='ocrx_word' id='word_1_576' title='bbox 934 2139 1016 2160; x_wconf 89' lang='lat' dir='ltr'><strong>unus</strong></span> <span class='ocrx_word' id='word_1_577' title='bbox 1028 2142 1074 2155; x_wconf 91' lang='lat'>=</span> <span class='ocrx_word' id='word_1_578' title='bbox 1085 2127 1121 2158; x_wconf 75' lang='lat' dir='ltr'><strong>si</strong></span> <span class='ocrx_word' id='word_1_579' title='bbox 1147 2126 1231 2159; x_wconf 83' lang='lat' dir='ltr'><strong>mal.</strong></span> <span class='ocrx_word' id='word_1_580' title='bbox 1264 2132 1300 2157; x_wconf 70' lang='lat' dir='ltr'><strong>et</strong></span> <span class='ocrx_word' id='word_1_581' title='bbox 1323 2122 1456 2170; x_wconf 79' lang='lat' dir='ltr'><strong>praecl.</strong></span> <span class='ocrx_word' id='word_1_582' title='bbox 1487 2122 1513 2154; x_wconf 67' lang='lat' dir='ltr'><strong>l-</strong></span> <span class='ocrx_word' id='word_1_583' title='bbox 1546 2132 1569 2153; x_wconf 80' lang='lat' dir='ltr'><strong>n</strong></span> <span class='ocrx_word' id='word_1_584' title='bbox 1579 2131 1632 2153; x_wconf 85' lang='lat' dir='ltr'><strong>on</strong></span> 
     </span>
     <span class='ocr_line' id='line_1_78' title="bbox 932 2169 1631 2212; baseline -0.01 -7"><span class='ocrx_word' id='word_1_585' title='bbox 932 2171 1074 2205; x_wconf 76' lang='lat' dir='ltr'><strong>habene.</strong></span> <span class='ocrx_word' id='word_1_586' title='bbox 1124 2171 1191 2207; x_wconf 80' lang='lat' dir='ltr'><strong>Sed</strong></span> <span class='ocrx_word' id='word_1_587' title='bbox 1211 2169 1361 2202; x_wconf 75' lang='lat' dir='ltr'><strong>Ambian.</strong></span> <span class='ocrx_word' id='word_1_588' title='bbox 1385 2173 1476 2200; x_wconf 84' lang='lat' dir='ltr'><strong>recte</strong></span> <span class='ocrx_word' id='word_1_589' title='bbox 1485 2181 1532 2195; x_wconf 90' lang='lat'><em>=</em></span> <span class='ocrx_word' id='word_1_590' title='bbox 1544 2177 1631 2212; x_wconf 77' lang='lat' dir='ltr'><strong>pre-</strong></span> 
     </span>
     <span class='ocr_line' id='line_1_79' title="bbox 933 2211 1631 2260; baseline -0.009 -11"><span class='ocrx_word' id='word_1_591' title='bbox 933 2218 1078 2249; x_wconf 78' lang='lat' dir='ltr'><strong>carium.</strong></span> <span class='ocrx_word' id='word_1_592' title='bbox 1102 2215 1193 2260; x_wconf 86' lang='lat' dir='ltr'><strong>quod</strong></span> <span class='ocrx_word' id='word_1_593' title='bbox 1212 2214 1410 2248; x_wconf 82' lang='lat' dir='ltr'><strong>vocabulum</strong></span> <span class='ocrx_word' id='word_1_594' title='bbox 1426 2211 1462 2244; x_wconf 84' lang='lat' dir='ltr'><strong>in</strong></span> <span class='ocrx_word' id='word_1_595' title='bbox 1480 2213 1511 2245; x_wconf 85' lang='lat' dir='ltr'><strong>V</strong></span> <span class='ocrx_word' id='word_1_596' title='bbox 1529 2221 1631 2255; x_wconf 73' lang='lat' dir='ltr'><strong>prm-⁴-</strong></span> 
     </span>
     <span class='ocr_line' id='line_1_80' title="bbox 931 2255 1632 2295; baseline -0.006 -1"><span class='ocrx_word' id='word_1_597' title='bbox 931 2273 985 2294; x_wconf 81' lang='lat' dir='ltr'><strong>sus</strong></span> <span class='ocrx_word' id='word_1_598' title='bbox 1007 2261 1162 2294; x_wconf 80' lang='lat' dir='ltr'><strong>omissum</strong></span> <span class='ocrx_word' id='word_1_599' title='bbox 1184 2266 1247 2294; x_wconf 87' lang='lat' dir='ltr'><strong>est.</strong></span> <span class='ocrx_word' id='word_1_600' title='bbox 1294 2257 1528 2295; x_wconf 62' lang='lat' dir='ltr'><strong>ffi—ss=rei</strong></span> <span class='ocrx_word' id='word_1_601' title='bbox 1539 2255 1632 2290; x_wconf 69' lang='lat' dir='ltr'><strong>subc.</strong></span> 
     </span>
     <span class='ocr_line' id='line_1_81' title="bbox 930 2302 1630 2353; baseline -0.009 -13"><span class='ocrx_word' id='word_1_602' title='bbox 930 2309 1126 2353; x_wconf 67' lang='lat' dir='ltr'><strong>inspector</strong></span> <span class='ocrx_word' id='word_1_603' title='bbox 1137 2319 1183 2340; x_wconf 75' lang='lat' dir='ltr'><strong>es</strong></span> <span class='ocrx_word' id='word_1_604' title='bbox 1213 2316 1304 2351; x_wconf 82' lang='lat' dir='ltr'><strong>quae</strong></span> <span class='ocrx_word' id='word_1_605' title='bbox 1330 2306 1457 2337; x_wconf 76' lang='lat' dir='ltr'><strong>intent.</strong></span> <span class='ocrx_word' id='word_1_606' title='bbox 1487 2314 1538 2335; x_wconf 80' lang='lat' dir='ltr'><strong>oe.</strong></span> <span class='ocrx_word' id='word_1_607' title='bbox 1562 2302 1630 2335; x_wconf 78' lang='lat' dir='ltr'><strong>de-</strong></span> 
     </span>
     <span class='ocr_line' id='line_1_82' title="bbox 920 2351 1632 2398; baseline -0.01 -12"><span class='ocrx_word' id='word_1_608' title='bbox 920 2351 1091 2398; x_wconf 78' lang='lat' dir='ltr'><strong>fatigat,</strong></span> <span class='ocrx_word' id='word_1_609' title='bbox 1139 2353 1173 2384; x_wconf 72' lang='lat' dir='ltr'><strong>si</strong></span> <span class='ocrx_word' id='word_1_610' title='bbox 1217 2361 1307 2383; x_wconf 84' lang='lat' dir='ltr'><strong>non</strong></span> <span class='ocrx_word' id='word_1_611' title='bbox 1344 2358 1560 2395; x_wconf 79' lang='lat' dir='ltr'><strong>magnum</strong></span> <span class='ocrx_word' id='word_1_612' title='bbox 1596 2354 1632 2380; x_wconf 77' lang='lat' dir='ltr'><strong>ee</strong></span> 
     </span>
     <span class='ocr_line' id='line_1_83' title="bbox 926 2391 1630 2444; baseline -0.01 -13"><span class='ocrx_word' id='word_1_613' title='bbox 926 2397 1108 2444; x_wconf 84' lang='lat' dir='ltr'><strong>praecl.</strong></span> <span class='ocrx_word' id='word_1_614' title='bbox 1128 2397 1152 2430; x_wconf 90' lang='lat' dir='ltr'><strong>l.</strong></span> <span class='ocrx_word' id='word_1_615' title='bbox 1167 2397 1201 2430; x_wconf 86' lang='grc' dir='ltr'><strong>Ιι.</strong></span> <span class='ocrx_word' id='word_1_616' title='bbox 1249 2395 1461 2434; x_wconf 69' lang='grc' dir='ltr'><strong>Εξ1.--ὓ)ἱΞ</strong></span> <span class='ocrx_word' id='word_1_617' title='bbox 1473 2393 1528 2426; x_wconf 80' lang='lat' dir='ltr'><strong>ni</strong></span> <span class='ocrx_word' id='word_1_618' title='bbox 1539 2391 1630 2425; x_wconf 69' lang='lat' dir='ltr'><em>subc.</em></span> 
     </span>
     <span class='ocr_line' id='line_1_84' title="bbox 930 2440 1630 2490; baseline -0.01 -14"><span class='ocrx_word' id='word_1_619' title='bbox 930 2445 996 2476; x_wconf 80' lang='lat' dir='ltr'><strong>int.</strong></span> <span class='ocrx_word' id='word_1_620' title='bbox 1010 2455 1101 2490; x_wconf 83' lang='lat' dir='ltr'><strong>quae</strong></span> <span class='ocrx_word' id='word_1_621' title='bbox 1113 2454 1162 2476; x_wconf 84' lang='lat' dir='ltr'><strong>oc.</strong></span> <span class='ocrx_word' id='word_1_622' title='bbox 1183 2440 1310 2487; x_wconf 61' lang='lat' dir='ltr'><strong>delae„</strong></span> <span class='ocrx_word' id='word_1_623' title='bbox 1335 2440 1372 2472; x_wconf 71' lang='grc' dir='ltr'><strong>,η’</strong></span> <span class='ocrx_word' id='word_1_624' title='bbox 1388 2440 1470 2472; x_wconf 84' lang='lat' dir='ltr'><strong>mal.</strong></span> <span class='ocrx_word' id='word_1_625' title='bbox 1492 2446 1528 2471; x_wconf 71' lang='lat' dir='ltr'><strong>et</strong></span> <span class='ocrx_word' id='word_1_626' title='bbox 1545 2448 1630 2469; x_wconf 78' lang='lat' dir='ltr'><strong>non</strong></span> 
     </span>
     <span class='ocr_line' id='line_1_85' title="bbox 926 2482 1630 2535; baseline -0.011 -13"><span class='ocrx_word' id='word_1_627' title='bbox 926 2489 1208 2535; x_wconf 81' lang='lat' dir='ltr'><strong>praeclarum</strong></span> <span class='ocrx_word' id='word_1_628' title='bbox 1229 2487 1254 2520; x_wconf 92' lang='lat' dir='ltr'><strong>l.</strong></span> <span class='ocrx_word' id='word_1_629' title='bbox 1269 2486 1304 2519; x_wconf 86' lang='grc' dir='ltr'><strong>Ιι.</strong></span> <span class='ocrx_word' id='word_1_630' title='bbox 1354 2486 1560 2520; x_wconf 66' lang='grc' dir='ltr'><strong>ἓ-ξῦῖαΞ</strong></span> <span class='ocrx_word' id='word_1_631' title='bbox 1574 2482 1630 2515; x_wconf 80' lang='lat' dir='ltr'><strong>rei</strong></span> 
     </span>
     <span class='ocr_line' id='line_1_86' title="bbox 930 2528 1630 2578; baseline -0.013 -10"><span class='ocrx_word' id='word_1_632' title='bbox 930 2534 1018 2567; x_wconf 76' lang='lat' dir='ltr'><strong>subt.</strong></span> <span class='ocrx_word' id='word_1_633' title='bbox 1042 2535 1169 2567; x_wconf 72' lang='lat' dir='ltr'><strong>intem.</strong></span> <span class='ocrx_word' id='word_1_634' title='bbox 1191 2544 1281 2578; x_wconf 80' lang='lat' dir='ltr'><strong>quae</strong></span> <span class='ocrx_word' id='word_1_635' title='bbox 1301 2541 1352 2563; x_wconf 85' lang='lat' dir='ltr'><strong>oe.</strong></span> <span class='ocrx_word' id='word_1_636' title='bbox 1373 2528 1446 2575; x_wconf 77' lang='lat' dir='ltr'><strong>defi</strong></span> <span class='ocrx_word' id='word_1_637' title='bbox 1457 2553 1470 2572; x_wconf 83' lang='lat'><em>‚</em></span> <span class='ocrx_word' id='word_1_638' title='bbox 1492 2528 1528 2561; x_wconf 67' lang='lat' dir='ltr'><strong>si</strong></span> <span class='ocrx_word' id='word_1_639' title='bbox 1548 2538 1630 2559; x_wconf 83' lang='lat' dir='ltr'><strong>ma-</strong></span> 
     </span>
     <span class='ocr_line' id='line_1_87' title="bbox 930 2571 1629 2626; baseline -0.013 -13"><span class='ocrx_word' id='word_1_640' title='bbox 930 2579 1067 2626; x_wconf 83' lang='lat' dir='ltr'><strong>lignum</strong></span> <span class='ocrx_word' id='word_1_641' title='bbox 1083 2588 1118 2612; x_wconf 72' lang='lat' dir='ltr'><strong>et</strong></span> <span class='ocrx_word' id='word_1_642' title='bbox 1133 2577 1338 2625; x_wconf 83' lang='lat' dir='ltr'><strong>precarium</strong></span> <span class='ocrx_word' id='word_1_643' title='bbox 1354 2575 1468 2608; x_wconf 77' lang='lat' dir='ltr'><strong>lumen</strong></span> <span class='ocrx_word' id='word_1_644' title='bbox 1485 2571 1629 2606; x_wconf 76' lang='lat' dir='ltr'><strong>habene.</strong></span> 
     </span>
     <span class='ocr_line' id='line_1_88' title="bbox 973 2616 1628 2669; baseline -0.015 -10"><span class='ocrx_word' id='word_1_645' title='bbox 973 2637 1047 2658; x_wconf 61' lang='grc' dir='ltr'><strong>ΓΞ</strong></span> <span class='ocrx_word' id='word_1_646' title='bbox 1059 2625 1109 2658; x_wconf 85' lang='lat' dir='ltr'><strong>ad</strong></span> <span class='ocrx_word' id='word_1_647' title='bbox 1127 2623 1249 2669; x_wconf 82' lang='lat' dir='ltr'><strong>populi</strong></span> <span class='ocrx_word' id='word_1_648' title='bbox 1267 2629 1312 2654; x_wconf 73' lang='lat' dir='ltr'><strong>oe</strong></span> <span class='ocrx_word' id='word_1_649' title='bbox 1321 2622 1380 2654; x_wconf 84' lang='lat' dir='ltr'><strong>ia.</strong></span> <span class='ocrx_word' id='word_1_650' title='bbox 1450 2630 1470 2652; x_wconf 75' lang='lat' dir='ltr'><strong>r</strong></span> <span class='ocrx_word' id='word_1_651' title='bbox 1479 2637 1523 2643; x_wconf 93' lang='lat'>-</span> <span class='ocrx_word' id='word_1_652' title='bbox 1534 2616 1628 2650; x_wconf 65' lang='lat' dir='ltr'><strong>libe-</strong></span> 
     </span>
     <span class='ocr_line' id='line_1_89' title="bbox 929 2664 1558 2704; baseline -0.014 0"><span class='ocrx_word' id='word_1_653' title='bbox 929 2683 984 2704; x_wconf 85' lang='lat' dir='ltr'><strong>ra.</strong></span> <span class='ocrx_word' id='word_1_654' title='bbox 1059 2664 1558 2704; x_wconf 68' lang='lat' dir='ltr'><strong>Gerffl—8=clausus.</strong></span> 
     </span>
    </p>
   </div>
   <div class='ocr_carea' id='block_1_10' title="bbox 928 2729 1627 2870">
    <p class='ocr_par' dir='ltr' id='par_1_10' title="bbox 928 2729 1627 2870">
     <span class='ocr_line' id='line_1_90' title="bbox 975 2729 1627 2780; baseline -0.017 -9"><span class='ocrx_word' id='word_1_655' title='bbox 975 2735 1028 2771; x_wconf 84' lang='grc'><strong>18.</strong></span> <span class='ocrx_word' id='word_1_656' title='bbox 1065 2733 1462 2780; x_wconf 75' lang='lat' dir='ltr'><strong>R=affectorque</strong></span> <span class='ocrx_word' id='word_1_657' title='bbox 1507 2729 1627 2776; x_wconf 75' lang='grc' dir='ltr'><strong>[οι-,Ξ</strong></span> 
     </span>
     <span class='ocr_line' id='line_1_91' title="bbox 928 2775 1625 2862; baseline -0.014 -44"><span class='ocrx_word' id='word_1_658' title='bbox 928 2775 1391 2862; x_wconf 70' lang='lat' dir='ltr'><strong>af(ectatorque=P3·]</strong></span> <span class='ocrx_word' id='word_1_659' title='bbox 1412 2777 1625 2823; x_wconf 73' lang='lat' dir='ltr'><strong>sapienciae.</strong></span> 
     </span>
     <span class='ocr_line' id='line_1_92' title="bbox 930 2827 1466 2870; baseline -0.017 -7"><span class='ocrx_word' id='word_1_660' title='bbox 930 2827 1368 2870; x_wconf 72' lang='lat' dir='ltr'><strong>Co.=adsert0rque</strong></span> <span class='ocrx_word' id='word_1_661' title='bbox 1389 2833 1466 2869; x_wconf 78' lang='lat' dir='ltr'><strong>sap.</strong></span> 
     </span>
    </p>
   </div>
  </div>
 </body>
</html>
