1742 3094
167 231 248 274 730
610 232 651 271 L.
684 233 882 273 ANNAEI
913 234 1143 274 SENECAE

126 356 144 382 υ
160 343 234 385 bor
251 351 318 385 aut
337 351 485 386 mutum
513 343 669 399 aliquod
692 344 850 385 animal.
913 344 1048 400 Quare
1071 354 1202 388 autem
1226 347 1370 389 bonum
1392 346 1433 387 iu
1451 347 1594 389 arbore

156 412 389 467 animalique
421 419 529 453 muto
553 425 632 452 non
660 414 751 453 est?
796 412 886 467 quia
917 427 990 455 nee
1022 415 1139 455 ratio.
1202 412 1266 456 Oh
1292 414 1426 456 hocin
1446 413 1595 457 infante

156 493 310 535 quoque
331 494 410 521 non
431 486 517 522 est:
549 493 636 521 nam
657 486 698 521 ει
716 479 805 520 huic
825 479 950 521 deest.
1010 480 1126 523 Tunc
1144 483 1192 523 ad
1211 482 1356 524 bonum
1375 481 1594 537 pen-ueniet,

157 562 245 589 cum
276 548 325 589 ad
351 547 543 590 rationem
577 547 819 603 peruenerit.
877 545 954 589 Εει
984 548 1139 604 aliquod
1170 549 1403 592 inrationale
1434 549 1594 591 animal.

157 623 219 657 est
240 615 396 670 aliquod
417 615 588 656 nondum
610 614 817 656 rationale.
879 621 940 656 est
961 616 1180 669 rationale,
1225 618 1296 659 s'ed
1319 617 1594 672 inperseetum.

158 681 205 724 In
228 683 334 724 nullo
365 682 503 723 horum
532 682 702 723 bouum:
747 681 848 724 ratio
875 682 969 724 illud
1004 697 1139 724 secum
1168 684 1312 726 adfert.
1372 683 1478 738 Quid
1499 697 1595 738 ergo

157 750 262 792 inter
288 750 364 791 ista
391 763 490 804 quae
521 749 638 791 retuli
659 749 805 791 distat?
863 748 911 791 Iu
936 764 984 791 εο
1011 751 1114 805 quod
1139 751 1373 793 inrationale
1397 757 1460 793 εει
1483 764 1594 792 num-

112 833 143 859 ιο
160 832 274 873 quam
295 817 371 859 erit
392 817 552 858 bonum.
611 817 654 858 in
679 831 726 858 eo
749 817 851 872 quod
874 819 1044 860 nondum
1078 818 1270 860 rationale
1302 825 1364 860 est
1391 826 1483 860 tunc
1506 830 1597 861 esse

157 885 301 927 bonum
330 899 411 926 non
439 891 584 940 potest.
643 885 715 926 sed
735 885 776 926 in
797 899 846 926 eo
870 887 972 940 quod
995 892 1056 927 εει
1074 886 1266 928 rationale
1281 917 1293 938 ,
1335 886 1407 928 sed
1427 886 1597 942 inperfe-

157 960 262 995 ctum
291 953 369 994 iam
398 959 528 1008 potest
560 965 650 994 esse
679 953 851 1004 bonum,
884 954 954 995 sed
976 968 1056 994 non
1075 960 1150 995 est.
1210 952 1273 996 Ita
1294 954 1409 1006 dieo,
1438 952 1595 995 Luciliz

158 1019 314 1062 Bonum
335 1035 416 1061 non
435 1020 478 1061 in
501 1021 673 1075 quolibet
695 1034 885 1075 corpore,
926 1036 1006 1063 non
1028 1021 1070 1062 in
1093 1021 1266 1076 qualibet
1285 1028 1416 1065 aetate
1444 1020 1597 1062 inueni-

161 1107 401 1154 (Bk—hom).
426 1111 452 1142 B
462 1125 509 1139 =
520 1122 576 1142 mu
586 1110 602 1142 l
609 1118 682 1142 tum
702 1110 857 1155 aliquod.

158 1157 209 1190 R).
228 1171 276 1184 =
300 1164 431 1188 mutum
466 1155 703 1201 quoddam.
761 1156 790 1190 ‘21
813 1170 859 1185 ===

160 1201 301 1234 animal
308 1202 322 1234 i
332 1213 363 1233 ε.

205 1245 239 1279 9.
263 1245 486 1281 21=bonum
506 1246 546 1278 in
568 1245 751 1277 homine
773 1244 859 1277 ani-

161 1292 325 1337 malique.
370 1303 394 1335 η
405 1307 452 1320 =
465 1290 684 1336 animalique
707 1289 727 1322 b
738 1302 758 1323 r
769 1302 791 1322 u
801 1298 816 1322 t
827 1302 858 1322 0.

162 1337 316 1382 G(cr.oe)
331 1352 376 1365 =
387 1339 472 1383 quia
495 1349 518 1369 n
530 1337 593 1370 isi
616 1336 722 1368 ratio.
768 1333 856 1368 RP3.

159 1398 206 1411 =
228 1382 269 1416 ob
302 1384 368 1416 hoc
398 1394 480 1415 nec
503 1393 636 1427 quoque
655 1382 695 1414 in
713 1379 858 1425 infante

160 1436 226 1462 est.
275 1428 414 1472 (ἥψω)
429 1443 473 1456 =
491 1427 533 1461 ob
564 1428 630 1459 lzoc
660 1426 775 1459 muti
795 1426 857 1458 in-

157 1474 297 1518 fantie
319 1486 464 1519 quoque.
511 1474 540 1508 ’Χ
563 1487 608 1501 =
629 1470 669 1504 ob
700 1471 765 1504 hoc
798 1471 858 1503 in-

151 1518 268 1565 fanti
292 1531 436 1565 quoque.
483 1518 518 1553 θὶ
532 1537 574 1542 -
589 1519 661 1554 (ξῖ.
671 1531 718 1545 =
730 1515 772 1548 ob
793 1516 859 1549 hoc

161 1563 284 1609 infant
294 1565 338 1596 ia
350 1577 369 1597 e
391 1575 535 1610 quoque.
570 1564 651 1606 τ(ει·.
660 1562 712 1604 ω)
726 1577 771 1590 =
781 1562 858 1594 mi-

161 1611 201 1642 ti
222 1609 380 1654 infanti.
405 1608 522 1642 P1.=
536 1609 640 1641 miti
653 1608 745 1653 fan
759 1608 859 1640 tiae

161 1656 449 1734 ἵῗῧῖἒίᾉὲιδεζέῗι
459 1659 493 1692 ÷
510 1654 610 1733 {2⁰²2
620 1652 769 1730 ‚551ssss
778 1663 860 1728 1552

162 1746 296 1778 diem.
343 1745 460 1787 Βιλπρ
480 1742 539 1776 Ρ3.
564 1744 599 1779 {R
619 1761 663 1767 ——-
688 1743 721 1777 >B
743 1757 790 1771 =
810 1740 859 1773 ad

162 1789 288 1824 bonum
317 1790 477 1836 perveni
488 1797 514 1821 t.
560 1788 588 1820 R
599 1788 674 1830 ιλπρ
697 1785 756 1819 Ρ2.
766 1785 799 1820 3.
815 1801 860 1815 =

162 1848 240 1869 cum
268 1836 318 1869 ad
349 1835 525 1868 rationem
553 1833 798 1879 pervenitur.
834 1832 860 1863 B

163 1896 209 1910 =
230 1884 299 1914 Est
323 1881 468 1926 aliquod
499 1880 536 1912 in
573 1878 746 1911 ratione
776 1877 861 1910 ani-

164 1927 241 1960 mal
268 1933 303 1960 et
335 1925 386 1958 bis
424 1925 514 1957 idem
555 1922 700 1956 exhibet.
759 1934 779 1956 υ
809 1921 859 1954 bis

163 1971 279 2005 scribit
289 1974 356 2005 Est
374 1970 520 2016 aliquod
540 1968 755 2002 irrationale
776 1968 860 2000 ani—

165 2017 249 2051 mal.
296 2017 353 2061 Ζφ
373 2032 418 2045 =
440 2013 727 2048 irrationabile.
774 2013 860 2048 ’λίς

166 2062 382 2096 irrationale
423 2060 564 2094 animal
569 2061 582 2092 ι’
592 2073 620 2093 s.
677 2061 721 2102 γδ
739 2073 785 2086 =
807 2066 861 2090 est

165 2109 312 2153 aliquod
332 2108 488 2140 nondum
506 2107 521 2138 i
531 2119 549 2138 r
559 2104 758 2137 rationale.
785 2114 806 2137 σ
817 2119 862 2132 =

166 2161 220 2186 est
253 2153 400 2198 aliquod
442 2152 596 2185 nondum
629 2150 774 2182 rationu
786 2148 805 2183 b
816 2150 864 2182 ile

167 2199 228 2243 [=
238 2199 276 2243 π]
303 2206 337 2231 et
357 2196 574 2231 rationabile
597 2195 662 2229 sed
682 2195 763 2240 imp.
790 2199 857 2233 σ-ὶ-

166 2246 211 2276 In
243 2244 341 2276 nullo
372 2244 496 2276 horum
520 2241 644 2275 bonum
670 2249 749 2274 est.
798 2242 865 2283 αγδ

166 2305 212 2318 aa:
235 2291 279 2321 In
306 2289 405 2322 nullo
435 2289 560 2321 horum
587 2287 718 2318 ratio
741 2284 865 2317 bonum

165 2347 283 2368 secum
301 2334 419 2378 nff'ert.
465 2334 494 2367 '21
506 2342 691 2363 —secum.
735 2328 862 2373 R(del.)

172 2384 206 2419 4-
223 2381 317 2412 inter
340 2386 413 2411 est
436 2378 520 2410 ista.

214 2424 268 2457 10.
301 2425 346 2457 In
367 2435 407 2455 eo
438 2421 530 2467 quod
558 2418 780 2452 inrationale
811 2426 864 2450 est

170 2481 358 2514 numquam
379 2468 449 2500 erit
469 2467 592 2499 bonum
602 2481 646 2493 =
660 2465 714 2496 BR
727 2464 865 2508 Ζαβγδε

171 2514 431 2559 ζηικλοπσυφχψ
443 2512 532 2545 Pinc.
545 2523 577 2543 v.
589 2511 612 2542 l.
629 2508 687 2543 P2.
699 2508 733 2542 3.
743 2508 776 2541 4.
791 2508 861 2540 Col.

169 2564 234 2593 Sac
253 2561 281 2595 Ἰί
305 2560 345 2603 (X
359 2574 406 2587 =
424 2555 701 2598 irrationabile)
723 2555 772 2588 ῢ.

172 2605 310 2650 G(moe)
327 2605 455 2638 2—111
475 2614 515 2635 eo
533 2601 626 2646 quod
645 2599 865 2633 inrationale

171 2659 234 2684 est.
282 2646 660 2684 P1.ffl—Q3=Non
685 2643 803 2690 quod
824 2656 862 2675 e-

171 2696 220 2728 rit
243 2695 378 2728 bonum.
423 2694 468 2725 In
491 2704 530 2725 eo
548 2691 640 2737 quod
663 2689 864 2723 irrationa-

171 2741 205 2774 le
238 2741 295 2785 [θῖ
312 2740 397 2773 -ἓῖ
411 2752 457 2766 ==
472 2734 768 2778 irrationabile]
801 2743 866 2775 est,

170 2795 254 2819 tunc
275 2796 353 2818 esse
375 2783 498 2820 bonum
528 2782 602 2815 rell.
625 2793 689 2814 om.
737 2781 766 2814 Q
781 2783 812 2817 1.
830 2783 866 2817 2.

171 2846 216 2864 ===
241 2830 343 2864 Non
365 2829 480 2874 quod
505 2828 574 2861 erit
604 2826 728 2860 bonum
760 2825 798 2857 in
828 2836 868 2857 eo

173 2876 266 2921 quod
302 2875 482 2908 irrationa
492 2872 512 2906 b
523 2874 537 2906 i
549 2872 582 2907 le
614 2872 705 2916 [52.
723 2869 777 2914 ω]
802 2878 866 2903 εει.

904 1111 949 1142 In
970 1122 1010 1142 eo
1031 1111 1125 1155 quod
1150 1111 1305 1144 nondum
1326 1110 1504 1143 rationale
1532 1117 1597 1148 est,

903 1163 989 1189 tunc
1019 1168 1107 1190 esse.
1155 1156 1181 1190 Ε
1194 1175 1238 1181 —-
1250 1157 1314 1191 Ἧία
1334 1171 1380 1185 =
1398 1155 1599 1200 Numquam

905 1201 974 1232 erit
994 1200 1119 1233 bonum
1146 1201 1185 1234 in
1209 1212 1249 1234 eo
1267 1201 1359 1245 quod
1384 1199 1600 1233 irrationale

905 1253 970 1278 est.
1019 1245 1107 1277 G—
1121 1254 1173 1278 est
1193 1251 1271 1289 post
1292 1245 1484 1278 rationale.

950 1291 1031 1324 sed
1053 1291 1103 1323 in
1126 1302 1175 1323 eo
1199 1291 1316 1336 quod
1347 1299 1418 1323 eat
1441 1289 1597 1323 ratio-

906 1336 1040 1378 nale,
1091 1336 1172 1369 ,τεά
1206 1335 1480 1382 inperfectum.
1523 1335 1597 1368 iam

900 1389 1071 1427 potest=
1085 1381 1134 1415 R).
1146 1381 1187 1425 (R
1201 1393 1282 1425 p.m.
1303 1396 1348 1410 =
1368 1389 1441 1414 est
1463 1381 1598 1426 imper-

899 1426 1043 1471 fectum.
1067 1426 1155 1470 εω).
1224 1427 1391 1462 Θ-εεά
1411 1432 1446 1459 et
1464 1441 1511 1455 =
1533 1437 1597 1459 ra-

903 1473 1039 1505 tionale
1069 1480 1134 1505 eat.
1181 1471 1293 1506 Habet
1315 1471 1450 1517 quidem
1473 1471 1597 1516 aliquid

902 1517 1035 1550 molesti
1050 1517 1140 1561 prius
1155 1517 1219 1550 sed
1230 1531 1239 1548 .·
1263 1523 1410 1550 attamen
1431 1517 1502 1561 ipsa
1516 1528 1597 1560 par-

902 1563 1004 1596 ticula
1026 1563 1075 1595 bis
1095 1562 1206 1606 posita
1233 1562 1269 1595 in
1290 1574 1386 1595 causa
1408 1574 1479 1595 esse
1498 1561 1596 1596 vide—

902 1614 979 1647 tur,
1007 1607 1097 1651 quod
1118 1607 1172 1640 hio
1193 1607 1286 1640 locus
1315 1620 1335 1641 a
1357 1607 1498 1640 librariis
1520 1618 1597 1639 mu·-

903 1652 1016 1684 tilatus
1036 1659 1096 1684 est.
1143 1651 1202 1685 1³3.
1219 1658 1255 1692 4-
1273 1664 1343 1686 non
1365 1661 1482 1697 pote-vt
1512 1663 1599 1685 non

906 1697 1033 1729 modo
1056 1697 1121 1729 sed
1139 1698 1178 1728 in
1200 1709 1240 1730 eo
1261 1698 1354 1742 quod
1373 1711 1424 1730 m.
1471 1698 1531 1729 BG
1545 1697 1598 1731 Ζα

907 1744 1014 1787 βεηὲῐτ
1026 1741 1126 1785 (sm.)
1140 1752 1187 1784 υφ
1197 1741 1257 1775 Pl.
1271 1742 1343 1775 col.
1365 1744 1410 1775 Sa
1425 1742 1461 1777 θὶ
1471 1759 1518 1766 -
1530 1742 1597 1779 (³32.

905 1802 950 1815 =
964 1798 1034 1819 non
1051 1794 1168 1832 potest
1188 1787 1252 1820 sed
1271 1785 1505 1832 inperfectum
1524 1787 1600 1820 iam

903 1840 1020 1878 potest
1055 1831 1165 1876 (3301,
1188 1830 1249 1865 Pl.
1272 1832 1366 1867 ffi—
1379 1833 1444 1869 (51.
1458 1843 1600 1864 —ee-se

907 1883 985 1910 ante
1010 1876 1148 1919 bonum)
1182 1877 1254 1910 rell.
1287 1888 1353 1909 om.
1399 1879 1444 1920 γδ
1463 1891 1510 1905 ==
1529 1888 1600 1910 non

902 1930 1020 1969 potest
1070 1921 1134 1956 sed
1177 1923 1226 1955 in
1269 1921 1487 1967 imperfecto
1526 1922 1601 1956 iam

903 1975 1030 2014 potest.
1069 1979 1228 2012 x=non
1243 1976 1372 2013 potest.
1397 1969 1446 2000 in
1467 1967 1600 2014 imper—

894 2013 1017 2059 fecto
1049 2021 1205 2046 autem
1239 2014 1310 2046 iam
1334 2020 1461 2058 potest.
1506 2011 1598 2047 κΡ4.

906 2059 1000 2092 =in
1021 2071 1061 2091 eo
1082 2059 1174 2103 quod
1199 2059 1379 2091 rationale
1397 2066 1452 2092 est
1474 2069 1600 2091 omne

908 2117 986 2138 esse
1015 2103 1141 2136 bonum
1175 2115 1245 2136 non
1269 2111 1407 2150 potest,
1442 2103 1507 2136 sed
1528 2103 1599 2136 im-

904 2149 1110 2196 perfectum.
1151 2150 1224 2182 iam
1244 2157 1371 2195 potest.
1420 2160 1442 2182 σ
1460 2164 1506 2179 ==
1530 2159 1601 2181 non

908 2203 1034 2241 potest.
1093 2195 1293 2227 nondum
1333 2192 1600 2239 perfectum

904 2240 1041 2286 poteri
1048 2247 1063 2271 t
1085 2251 1163 2272 esse
1180 2240 1314 2272 bonum.
1352 2238 1418 2271 sed
1441 2250 1512 2271 non
1531 2246 1596 2271 est.

910 2297 945 2319 ιπ
956 2284 1014 2317 Ρ2.
1036 2299 1082 2312 =
1102 2292 1186 2316 tunc
1214 2296 1292 2316 esse
1319 2282 1443 2315 bonum
1471 2290 1599 2327 potest,

908 2330 974 2362 sed
994 2328 1250 2373 imperfectum.
1287 2330 1366 2361 Iam
1385 2336 1500 2372 potest
1523 2340 1600 2362 esse

909 2373 1044 2406 bonum.
1092 2374 1188 2406 Hanc
1221 2373 1417 2417 scripturam
1441 2373 1520 2416 quin
1543 2385 1600 2406 re-

909 2419 1053 2462 ciperem
1084 2417 1139 2450 vix
1171 2418 1251 2451 mihi
1282 2418 1485 2462 temperavi,
1527 2430 1599 2451 cum

908 2462 1103 2508 praesertim
1124 2463 1344 2496 meminissem
1367 2475 1438 2496 non
1457 2475 1477 2495 a
1496 2463 1599 2497 libra—e

908 2509 964 2541 riis
997 2508 1126 2552 saepius
1165 2508 1281 2542 adiici:
1319 2508 1461 2541 alterum
1488 2514 1598 2541 tamen

908 2554 991 2586 illud
1011 2553 1114 2596 magis
1133 2553 1287 2586 convenit
1310 2565 1383 2585 cum
1402 2559 1514 2586 mente
1535 2555 1597 2586 Se—

909 2611 1022 2632 necae.
1069 2599 1235 2632 X=non
1257 2606 1374 2643 potest
1397 2599 1444 2630 in
1466 2598 1598 2644 imper-

901 2644 1009 2690 fecto
1033 2643 1057 2675 d
1069 2656 1088 2676 e
1105 2643 1329 2690 presenti
1395 2650 1464 2676 test
1475 2642 1599 2676 bonum

911 2701 986 2722 sse
1009 2688 1074 2721 sed
1095 2701 1165 2722 non
1184 2697 1307 2734 potest.
1379 2687 1443 2721 inc.
1458 2687 1497 2720 ei.
1522 2688 1598 2731 (‚‚ex

909 2734 1054 2767 lectione
1084 2735 1287 2768 diversorum
1317 2732 1597 2777 exemplariuur‘)

911 2782 955 2812 Sc
980 2779 1139 2815 (5-51120
1156 2790 1280 2812 =non
1299 2786 1434 2824 potest.-
1458 2778 1507 2811 in
1530 2777 1598 2810 im-

908 2823 1047 2871 perfect
1058 2837 1079 2857 o
1100 2826 1174 2858 iam.
1189 2832 1316 2871 potest.
1364 2835 1441 2858 αα
1452 2822 1492 2856 in
1510 2835 1600 2869 qua—

915 2870 1007 2904 libet·
1017 2878 1136 2904 aetate
1160 2883 1179 2903 r
1189 2881 1240 2916 ep
1251 2869 1320 2904 eri
1329 2877 1344 2902 t
1353 2879 1376 2902 u
1387 2881 1416 2903 r.
