1742 3094
167 215 247 257 712
614 217 657 257 L.
691 215 888 257 ANNAEI
918 216 1148 257 SENECAE

167 326 263 367 haee
283 326 412 368 auimo
430 328 602 383 prauitas
622 329 689 370 fiat
707 328 915 370 auersandi
934 328 1035 370 diem
1054 334 1094 370 et
1115 335 1233 369 totam
1254 328 1373 368 uitam
1391 327 1434 368 in
1450 334 1605 369 noctem

169 395 461 438 transferendi?
520 394 661 438 Omnia
683 396 779 437 uitia
799 403 935 437 contra
954 403 1131 437 naturam
1155 402 1349 451 pugnant,
1382 395 1605 437 omniade-

137 470 154 497 ⁶
170 461 291 502 bitum
320 463 497 504 ordinem
528 464 739 505 deserunt:
784 463 858 505 hoe
881 470 943 505 est
963 464 1144 505 luxuriae
1165 463 1404 519 propositum
1419 464 1605 518 ‘gaudere

166 530 365 583 peruersis
395 545 469 572 nec
498 538 647 572 tantum
678 530 880 572 discedere
907 544 926 571 a
955 537 1092 582 recto,
1138 531 1206 571 sed
1237 545 1351 585 quam
1380 530 1606 585 longissime

166 596 274 638 abire
288 628 301 650 ,
334 598 473 640 deinde
493 599 606 640 etiam
628 612 649 639 e
669 598 868 639 contrario
887 605 1008 639 stare.
1068 596 1164 639 Non
1181 598 1365 639 uidentur
1382 597 1452 639 tibi
1468 605 1608 639 contra

164 670 342 705 naturam
367 666 505 707 uiuere
535 666 599 720 qui
624 666 745 707 ieiuni
767 666 903 706 bibunt
918 698 928 717 ,
962 665 1025 720 qui
1049 665 1180 706 uinum
1207 665 1400 721 recipiunt
1424 665 1606 706 inanibus

163 731 276 772 uenis
297 739 338 773 et
359 733 408 773 ad
431 733 558 774 eibum
587 733 686 774 ebrii
711 734 946 774 transeunt?
1002 731 1124 787 Atqui
1156 733 1341 787 frequens
1370 732 1605 774 hoevadule-

164 799 355 840 scentiam
380 800 516 841 uitium
540 807 602 842 est
623 801 689 855 qui
713 801 820 841 uires
845 800 1056 851 excolunt,
1088 806 1132 840 ut
1153 799 1194 840 iu
1214 799 1301 855 ipso
1319 812 1442 854 paene
1461 799 1606 841 balinei

161 864 294 907 limine
317 866 422 908 inter
439 868 565 909 nudos
586 868 733 919 bibant,
765 868 883 908 immo
906 874 1043 923 potent
1064 873 1104 909 et
1126 867 1308 908 sudorem
1335 880 1447 921 quem
1470 880 1605 908 moue-

131 944 148 970 7
163 939 254 973 runt
271 935 494 989 potionibus
510 935 662 977 crebris
681 950 727 976 ae
747 935 989 976 sernentibus
1008 934 1171 976 subinde
1191 934 1448 989 destringant.
1506 933 1606 976 Post

161 1001 363 1054 prandium
386 1009 455 1043 aut
476 1017 638 1044 coenam
656 1003 792 1044 bibere
815 996 975 1058 uolgare
997 1009 1060 1044 est
1075 1013 1095 1043 τ’
1119 1002 1192 1043 hoo
1218 1001 1518 1057 patresfamiliae
1537 1016 1603 1043 ru-

160 1067 249 1108 stici
278 1069 423 1110 faciunt
451 1077 490 1111 et
518 1079 640 1111 'uerae
674 1070 883 1124 uoluptatis
914 1069 1057 1124 ignari.
1116 1067 1275 1110 Merum
1308 1068 1401 1109 illud
1436 1069 1603 1110 delectat

160 1135 262 1189 quod
292 1150 370 1176 non
399 1137 550 1178 innatat
580 1138 694 1188 cibo,
744 1138 845 1192 quod
873 1137 997 1178 libere
1025 1142 1207 1192 penetrat
1235 1136 1282 1176 ad
1313 1149 1473 1176 neruos.
1516 1135 1602 1177 illa

159 1201 329 1244 ebrietas
352 1204 463 1245 iuuat
484 1219 582 1259 quae
603 1205 645 1245 in
668 1218 833 1245 uacuum
859 1204 986 1245 uenit.
1046 1202 1142 1245 Non
1166 1203 1349 1244 uidentur
1375 1203 1444 1243 tibi
1465 1210 1601 1245 contra

156 1275 336 1311 naturam
366 1271 502 1313 uiuere
533 1272 599 1326 qui
627 1278 867 1313 commutant
892 1286 978 1312 cum
1000 1271 1155 1312 feminis
1178 1272 1359 1312 uestem?
1414 1268 1512 1311 Non
1540 1270 1599 1313 ui-

158 1344 256 1378 uunt
275 1345 412 1380 contra
435 1346 613 1380 naturam
634 1339 699 1394 qui
721 1345 922 1395 spectant,
954 1346 998 1380 ut
1015 1338 1181 1394 pueritia
1204 1337 1406 1393 splendeat
1425 1343 1600 1394 tempore

123 1417 141 1443 ε
158 1403 319 1447 alieno?
378 1405 480 1461 Quid
500 1406 586 1448 fieri
606 1407 802 1448 crudelius
826 1407 891 1448 uel
910 1405 1093 1448 miserius
1112 1406 1270 1462 potest?
1309 1418 1517 1460 numquam
1537 1405 1609 1447 uir·

198 1517 228 1550 R
241 1518 278 1552 Π
293 1518 394 1563 (s.m.)
419 1520 582 1554 Βικλοπστ
596 1521 660 1555 ὶίθί
681 1538 727 1544 -
751 1521 784 1554 Q
806 1534 853 1548 =
899 1518 1049 1555 bibunt.
1074 1519 1179 1552 immo
1197 1526 1342 1564 potant
1365 1523 1482 1551 contra
1493 1524 1597 1551 mstos

154 1573 180 1594 a
190 1562 215 1594 (1
228 1566 406 1597 versandi.
454 1565 491 1602 11
511 1581 556 1593 =
575 1578 596 1597 v
607 1579 626 1598 e
636 1578 655 1598 r
666 1565 784 1598 sandi.
834 1577 851 1608 ρ

152 1611 391 1642 =aversand
401 1623 420 1642 ο
441 1611 536 1642 diem
560 1624 594 1640 ω
622 1610 848 1654 transferen-

152 1653 177 1684 ά
187 1665 217 1685 υ.
265 1664 283 1687 ε
293 1669 339 1682 Ξ
352 1657 438 1687 Omn
451 1656 466 1687 i
473 1667 495 1687 ιι
507 1668 542 1687 m
566 1657 668 1688 vitia.

194 1706 228 1740 ὅ.
273 1709 410 1755 Ζβικφχ
437 1725 483 1738 Ξ
514 1711 656 1743 Deinde
689 1711 798 1742 etiam
833 1722 852 1741 e

149 1757 332 1787 contrario
376 1767 444 1788 non
478 1758 646 1788 videntur
684 1756 751 1787 tibi
784 1766 849 1786 om.

150 1807 260 1832 stare.
309 1800 407 1834 Gffiw:
427 1800 486 1833 Pl.
514 1801 582 1833 Col.
612 1802 705 1836 ffi—
725 1803 787 1836 (32.
801 1815 847 1828 =

148 1845 290 1877 Deinde
328 1847 437 1878 etiam
487 1847 577 1879 isti
611 1859 630 1878 e
667 1846 849 1878 contrario

148 1901 218 1922 non
243 1890 412 1923 videntur
432 1891 498 1923 tibi
529 1892 579 1930 (Sl
591 1910 636 1915 -
650 1892 713 1927 (ῗῖ.
726 1906 772 1918 Ξ
785 1902 803 1923 s
813 1892 848 1922 i-

149 1934 212 1977 bi).
258 1934 296 1968 Π
311 1935 400 1969 Piuc.
424 1949 455 1968 v.
477 1936 500 1968 l.
527 1937 552 1970 (5
567 1956 603 1961 —
619 1936 847 1971 5)]ἰΞΒείιι-

149 1982 194 2013 de
214 1981 324 2012 etiam
342 1994 360 2012 e
379 1983 560 2013 contrario
582 1982 674 2013 isti
697 1993 766 2013 non
791 1982 847 2013 vi-

149 2026 278 2058 dentur
299 2026 375 2058 tibi.
423 2026 506 2060 71²4.
525 2031 558 2064 ηἰ-
581 2026 717 2059 Deinde
738 2027 848 2059 etiam

147 2071 239 2103 isti
263 2083 281 2102 e
306 2073 487 2103 contrario
509 2081 607 2104 stare
628 2084 698 2104 non
716 2072 848 2104 viden-

149 2123 208 2147 tur
228 2115 303 2148 tibi.
341 2128 415 2150 u=
428 2118 570 2149 Deinde
592 2118 700 2149 etiam
722 2129 740 2149 e
762 2129 847 2149 con-

148 2161 265 2193 trario
289 2161 487 2194 istorum
511 2163 679 2195 videntur
701 2161 776 2196 cibi.
813 2173 846 2193 m

148 2206 218 2238 Col.
243 2221 290 2233 =
322 2208 464 2239 Deinde
502 2208 611 2240 etiam
650 2215 784 2240 stant
827 2219 847 2239 e

144 2251 337 2285 contrario.
383 2254 457 2286 2²,—
472 2254 506 2288 ffi
523 2257 558 2291 4-
579 2255 645 2284 Ist
657 2253 672 2284 i
694 2263 762 2284 non
787 2252 844 2283 vi-

145 2296 274 2327 dentur
295 2296 361 2328 tibi
382 2303 498 2329 contra
518 2304 631 2329 mstos.
679 2296 845 2329 nGssffixr

141 2338 201 2373 Pl.
214 2338 247 2372 4.
270 2341 334 2375 '21OE
347 2359 393 2364 —
405 2343 469 2376 OEQ.
482 2361 525 2366 —-
538 2342 598 2386 qui
618 2347 696 2372 ante
719 2341 841 2373 ieiuni.

142 2385 232 2417 BGR
251 2396 289 2428 pp
314 2386 447 2428 (exc-ab)
473 2386 553 2418 Pall.
578 2386 643 2419 'affl
657 2404 700 2409 —
714 2385 841 2421 (ἕλε-

141 2433 273 2475 Atque
286 2430 474 2475 frequens.
513 2430 584 2462 Col.
597 2446 643 2458 =
655 2432 702 2462 At
727 2431 764 2462 ui
777 2430 842 2461 Ιιοε

142 2487 207 2507 om.
238 2474 419 2520 frequens.
465 2476 518 2519 Ρῲ
531 2475 621 2507 Pinc.
646 2486 678 2507 v.
717 2498 724 2505 .
749 2475 774 2509 (ξ
796 2494 839 2499 -

141 2521 175 2556 Ξ
196 2533 249 2555 ω.
296 2521 325 2554 ’ὶί
347 2536 393 2548 Ξ
417 2521 579 2552 adolen
591 2521 679 2552 tium
715 2520 841 2551 vitium

141 2574 206 2599 est.
244 2566 396 2611 p=qui
419 2574 549 2598 vetes
574 2566 603 2610 [s
629 2564 838 2608 venetes]

140 2612 314 2644 excolunt.
365 2609 464 2644 GPl.
478 2607 511 2643 4.
533 2611 730 2647 'Kffl--ss-sff.
747 2628 782 2633 —
803 2618 841 2641 ut

139 2662 216 2688 ante
246 2657 283 2688 in
306 2656 395 2701 ipso.
443 2656 470 2687 R
487 2655 573 2699 (sm)
589 2674 631 2680 -—
644 2655 683 2686 in
702 2661 781 2687 ante
805 2655 839 2686 i-

137 2713 202 2744 pso
230 2713 357 2745 paene.
408 2700 491 2732 Rell.
519 2701 572 2744 (ex
593 2712 630 2743 pp
653 2706 744 2732 certe
757 2699 840 2743 Ζβει

112 2759 117 2765 ·
138 2746 289 2790 λοπφχῴ)
314 2746 414 2778 etiam
438 2746 495 2778 Gr.
515 2759 565 2776 ω.

183 2800 265 2834 hali
277 2802 337 2833 nei
349 2816 393 2829 =
405 2801 558 2845 B(p.m.).
628 2799 759 2845 B(s.m.)
777 2800 835 2832 GR

137 2846 202 2880 ’ὶίθῖ
219 2866 258 2871 -
274 2847 307 2882 ῢ
327 2862 371 2875 =
389 2846 544 2879 balnei.
592 2847 836 2883 2131—24.==

899 1565 1000 1597 etiam
1021 1562 1110 1597 GPl.
1123 1563 1157 1597 4.
1197 1564 1232 1598 ὓί
1245 1582 1287 1588 -
1299 1564 1356 1601 24.
1367 1564 1401 1598 Ξ
1411 1571 1514 1595 =ut
1533 1575 1597 1604 su-

898 1611 1020 1642 dorem
1055 1616 1171 1642 contra
1201 1614 1306 1641 mstos
1348 1608 1449 1640 etiam
1472 1608 1532 1640 Gr.
1563 1614 1598 1641 et

897 1656 938 1689 21.
985 1665 1082 1697 ΡεΞ
1095 1663 1129 1686 et
1152 1654 1316 1686 sudorem
1348 1665 1449 1697 quem
1481 1665 1503 1686 ν
1515 1665 1564 1686 er
1574 1671 1595 1677 -

897 1708 910 1731 t
921 1712 940 1731 e
951 1711 1003 1731 ru
1014 1711 1037 1731 n
1049 1707 1072 1733 t.
1122 1698 1385 1741 ῦγδζηὶτκστφψ
1397 1713 1444 1726 Ξ
1459 1697 1595 1731 crebris

897 1756 940 1776 ac
958 1742 1320 1789 frequentibus.

943 1790 1192 1834 destringunt
1209 1803 1256 1815 =
1281 1789 1332 1831 Bp
1356 1786 1460 1831 (Gn).
1541 1786 1595 1832 Ββ

894 1835 938 1871 OEl
947 1858 957 1868 .
969 1854 1012 1858 -
1025 1836 1059 1870 Ξ
1069 1849 1115 1862 Ξ
1126 1834 1150 1866 d
1162 1833 1368 1878 istrIngant
1391 1833 1468 1876 (m.
1477 1847 1524 1860 =
1534 1832 1595 1864 di-

894 1880 1015 1923 string
1025 1891 1047 1911 u
1057 1879 1147 1921 ant).
1194 1878 1231 1912 11
1250 1893 1296 1906 =
1309 1877 1333 1910 d
1343 1878 1357 1909 i
1366 1889 1385 1909 s
1397 1877 1499 1923 tring
1510 1885 1593 1910 um.

895 1924 1162 1968 ὃγδζηῇκστφψ
1187 1924 1275 1958 ffl—
1295 1924 1329 1958 §3
1348 1938 1394 1950 =
1415 1923 1594 1956 distin-

892 1983 918 2015 g
929 1982 951 2002 u
963 1978 1037 2004 ant.
1083 1971 1139 2014 ωβ
1151 1984 1198 1996 Ξ
1210 1968 1340 2000 diste
1353 1975 1482 2013 rgant.
1527 1978 1594 2011 qno

894 2015 1077 2058 explicatur
1115 2014 1345 2059 destringunt
1354 2038 1365 2055 ,
1409 2024 1478 2046 non
1513 2013 1538 2045 d
1546 2013 1562 2045 i
1571 2030 1593 2037 -

895 2061 1092 2106 stringant.

938 2115 970 2149 7.
995 2118 1076 2148 B=
1089 2127 1181 2148 vere
1203 2115 1408 2161 voluptatis.
1434 2114 1592 2148 Gotmm

893 2161 964 2194 aliis
987 2173 1024 2204 pp
1044 2163 1069 2194 Ρ
1084 2160 1114 2192 1.
1139 2160 1211 2192 Col.
1242 2161 1278 2194 §R
1299 2178 1343 2184 —-
1365 2160 1432 2196 &20
1455 2174 1501 2187 =
1518 2169 1591 2191 non

891 2207 984 2251 quod
1008 2207 1164 2239 innatat.
1213 2205 1244 2236 G
1265 2219 1311 2232 =
1335 2204 1428 2249 quod
1448 2202 1592 2236 ,bibere

893 2253 953 2293 [=
969 2252 1022 2292 στ]
1051 2256 1228 2295 penetret
1259 2249 1310 2281 ad
1342 2259 1482 2280 nervos.
1528 2247 1588 2280 1²4.

889 2311 935 2323 =
956 2296 1016 2340 qui
1040 2294 1354 2326 communicat
1375 2305 1454 2326 cum
1469 2291 1589 2338 femi-

890 2341 960 2373 nis.
1010 2350 1086 2373 σΞ
1098 2340 1159 2383 qui
1180 2347 1350 2371 mutant.

933 2385 994 2430 qui
1030 2391 1253 2428 spectant
1271 2399 1318 2412 =
1338 2394 1416 2416 mss.
1443 2383 1529 2426 (exc.
1554 2381 1586 2427 ρ)

887 2430 987 2462 etiam
1011 2441 1030 2462 e
1051 2430 1110 2461 Gr.
1133 2430 1199 2461 Sac
1219 2429 1283 2464 2191
1305 2447 1348 2453 —
1368 2429 1436 2465 (22.
1450 2428 1498 2463 ἔ.
1566 2446 1590 2460 ιι,

886 2475 977 2508 Piuc.
999 2486 1032 2506 v.
1055 2474 1078 2506 1.
1116 2474 1161 2508 {W
1185 2492 1230 2499 ·-
1252 2475 1318 2510 Ψῗα
1338 2488 1385 2502 =
1431 2473 1470 2506 ui
1502 2483 1589 2506 exse

887 2527 1061 2565 spectant.
1110 2518 1154 2550 cf.
1168 2518 1212 2551 ad
1231 2521 1295 2563 Ep.
1312 2516 1388 2558 115,
1434 2517 1468 2550 5.
1485 2515 1487 2517 ’
1513 2529 1589 2560 ρΞ

886 2566 948 2610 qui
974 2571 1222 2609 satagunt.
1262 2563 1353 2608 quod
1375 2562 1586 2606 recepissem,

886 2610 912 2642 si
937 2622 956 2642 a
987 2608 1128 2642 meliore
1158 2609 1246 2642 libro
1283 2607 1574 2641 commendaretur

886 2655 976 2698 Lips.
1003 2666 1042 2687 ci.
1055 2669 1101 2683 =
1113 2666 1171 2699 qul
1198 2661 1358 2699 expetu
1368 2661 1428 2686 nt.
1462 2629 1584 2697 prolui

887 2699 1025 2732 casaub.
1048 2699 1092 2731 ad
1115 2700 1206 2731 Suet.
1229 2699 1290 2731 Iul.
1317 2710 1346 2731 c.
1368 2695 1424 2731 47.

929 2754 961 2789 8.
986 2756 1035 2789 R).
1048 2756 1082 2791 Ξ
1095 2770 1140 2783 Ξ
1151 2766 1175 2787 α
1184 2766 1206 2787 ιι
1217 2762 1233 2787 t
1258 2754 1437 2788 miserius.
1481 2753 1527 2788 3.ἱῖ
1537 2770 1582 2777 -

883 2802 952 2838 ffil.
970 2805 1003 2839 -1-
1021 2801 1099 2834 vel
1119 2799 1300 2833 crudelius
1319 2798 1380 2833 vel
1397 2798 1476 2832 mis.
1500 2809 1524 2841 η
1537 2812 1582 2825 Ξ

883 2846 1066 2879 crudelius
1095 2857 1117 2878 a
1127 2844 1147 2878 l>
1179 2845 1194 2878 i
1205 2845 1292 2878 llis
1318 2850 1447 2890 potest.
1493 2841 1578 2875 nen.
