1742 3094
151 240 239 279 XIV
725 241 885 280 PRAEF
885 242 1015 282 AT10.

262 349 343 392 Iam
368 351 613 393 describendi
637 359 729 393 sunt
739 353 781 406 *)
802 353 916 405 libri,
949 353 1089 409 quibus
1115 368 1210 397 usus
1230 369 1315 398 sum
1338 357 1379 398 in
1401 356 1590 414 Epistulis

147 428 379 471 Moralibus.

414 577 466 617 A.
527 574 815 620 CODICES
845 576 1326 623 MANUSCRIPTI.

532 676 565 718 Ι.
627 677 692 719 Ab
722 680 992 735 superioribus
1022 683 1213 738 usurpati.
1243 730 1250 734 ,

235 763 274 797 1.
320 754 488 798 Codices
520 755 696 798 Erasini.
760 761 815 805 (L.
847 765 992 797 Annaei
1020 766 1177 799 Senecae
1209 768 1326 812 Opera
1347 780 1478 814 —per
1500 772 1587 803 Des.

148 825 337 856 Erasmum
359 827 443 856 Roc.
468 841 513 849 -
536 825 709 858 Basileae
726 823 825 857 1529.
849 823 895 855 ib.
913 821 1012 856 1537.
1036 823 1081 855 ib.
1101 836 1128 856 s.
1146 836 1175 856 a.
1222 826 1395 871 Lugduni
1419 825 1516 860 1555.
1529 829 1586 871 al.)

238 879 291 911 Ad
312 879 452 923 primam
464 882 609 913 Senecae
625 879 808 913 editionem
831 880 961 924 (Basil.
975 878 1087 922 1515.)
1102 880 1256 913 Erasmus
1273 881 1342 914 duo
1361 882 1464 915 libros
1485 891 1589 917 mstos

152 935 320 976 adhibuit,
356 936 496 968 alterum
529 936 685 968 Gulielmi
704 934 956 979 Archiepiscopi
981 934 1245 977 cantuariensis,
1282 936 1421 970 alterum
1453 938 1590 983 Collegii

149 991 450 1034 Cantabrigiensis:
487 992 552 1024 sed
571 993 690 1025 mutili
699 991 856 1037 suerunt
877 999 983 1036 atque
1005 991 1168 1036 vulgatis
1192 993 1301 1024 etiam
1331 995 1591 1039 exemplaribus

147 1047 402 1080 menclosiores.
449 1047 510 1080 Illa
531 1047 635 1080 editio
667 1048 702 1079 in
726 1045 926 1090 marginibus
955 1052 1085 1078 tantum
1105 1047 1208 1079 habet
1229 1048 1356 1092 aliquot
1378 1049 1483 1082 varias
1503 1051 1590 1083 scri-

146 1110 262 1147 pturas
285 1103 378 1135 libris
413 1115 481 1135 non
503 1103 703 1146 significatis.
751 1105 789 1136 In
811 1102 1022 1146 praefatione
1045 1102 1210 1135 secundae
1234 1103 1388 1138 editionis
1418 1106 1532 1138 scribit
1553 1119 1590 1140 se

147 1171 241 1191 usum
264 1171 335 1191 esse
358 1160 567 1204 optimorum
591 1159 693 1193 codd.
712 1159 902 1204 praesidio
923 1159 1017 1190 inter
1034 1170 1119 1203 quos
1137 1159 1274 1204 aliquot
1294 1161 1408 1193 mirae
1425 1169 1588 1196 vetusta-

147 1217 217 1248 tis.-
251 1222 351 1259 atque
374 1215 408 1248 in
431 1215 616 1259 appendice
637 1214 890 1247 annotationum
912 1213 1026 1246 adiicit
1057 1214 1225 1258 exemplar
1246 1227 1265 1248 e
1286 1215 1465 1250 Brabantia
1487 1218 1532 1250 ad
1552 1230 1588 1251 se

145 1271 282 1304 allatum
307 1283 399 1313 esse,
437 1283 510 1304 cum
534 1271 749 1315 epistolarum
781 1282 863 1314 opus
886 1270 952 1302 iam
974 1269 1083 1314 aliqua
1105 1282 1145 1302 ex
1178 1276 1275 1314 parte
1303 1278 1390 1305 esset
1421 1284 1586 1306 excusum.

147 1339 187 1360 ex
209 1339 249 1360 eo
272 1339 308 1359 se
331 1327 535 1368 restituisse,
570 1325 599 1359 si
622 1339 685 1371 qua
717 1326 807 1370 prius
839 1326 1050 1358 fefellissent.
1098 1326 1218 1359 Rarior
1238 1333 1351 1360 tamen
1379 1334 1430 1361 est
1459 1335 1530 1362 tam
1552 1330 1589 1363 in

144 1382 279 1415 scholiis
304 1395 402 1427 quam
421 1383 456 1415 in
477 1383 662 1427 appendice
683 1388 844 1414 mstorum
865 1381 1010 1414 mentio:
1047 1394 1155 1427 neque
1177 1382 1275 1416 aliter
1294 1395 1352 1416 eos
1382 1384 1498 1418 laudat
1525 1385 1589 1419 nisi

144 1439 221 1472 cod.
242 1447 414 1482 vetustus,
438 1439 515 1472 cod.
539 1439 814 1479 vetustissimus,
840 1438 1020 1483 exemplar
1033 1437 1197 1483 felicius,
1222 1439 1296 1471 cod.
1311 1440 1467 1485 quidam,
1491 1441 1588 1475 alius

145 1496 254 1528 codex
277 1501 340 1527 etc.
362 1501 496 1538 praeter
515 1506 616 1526 unum
638 1494 769 1540 locum,
794 1494 850 1525 ubi
872 1494 951 1526 citat
975 1494 1156 1539 exemplar
1179 1495 1451 1538 Britannicum,
1485 1503 1522 1528 ut
1543 1497 1587 1529 de

143 1550 275 1583 illorum
300 1550 451 1583 codicum
472 1549 648 1582 virtutibus
672 1556 728 1581 aut
751 1549 839 1581 vitiis
864 1549 1020 1581 iudicium
1044 1549 1132 1581 ferre
1156 1560 1224 1581 nou
1247 1549 1357 1582 liceat.

231 1613 272 1647 2.
313 1604 483 1647 Codices
506 1604 702 1646 Pinciani.
764 1610 965 1655 (Fernandi
977 1609 1486 1655 Pinciani—Castigationes
1511 1612 1587 1645 uti-

143 1673 307 1706 lissimae
334 1674 371 1706 V
367 1674 496 1706 enetiis
517 1670 615 1705 1536.
664 1674 778 1717 Opera
801 1670 1012 1703 L.·Annaei
1034 1670 1189 1702 Senecae
1214 1687 1255 1694 —
1274 1682 1343 1715 per
1362 1673 1449 1704 Des.
1463 1674 1582 1705 Eras-

147 1741 239 1762 mum
257 1732 341 1762 Rot.
365 1747 411 1754 —
434 1729 550 1761 Basil.
571 1741 598 1760 s.
620 1740 649 1760 a.
676 1734 711 1760 et
733 1733 807 1771 typ.
834 1738 868 1758 n.
914 1728 956 1758 L.
980 1727 1124 1758 Annaei
1146 1726 1302 1758 Senecae
1319 1726 1418 1760 Phil.
1443 1727 1587 1774 Scripta

148 1804 190 1810 —-
213 1786 337 1819 Paris.
366 1783 463 1817 1598.
487 1784 531 1816 ib.
555 1782 666 1827 1602.)

234 1843 274 1873 In
296 1841 506 1885 praefatione
535 1840 578 1872 ad
600 1841 759 1874 Ioannem
783 1839 947 1871 Taveram
969 1837 1263 1881 Archiepiscopum
1285 1837 1486 1872 Toletanum
1505 1839 1586 1872 Pin-

146 1896 255 1929 cianus
279 1897 326 1929 ait
348 1909 383 1929 se
406 1908 499 1928 usum
518 1908 589 1928 esse
611 1894 799 1940 quindecim
821 1894 911 1926 libris
935 1893 1028 1925 mstis
1049 1900 1083 1926 et
1103 1893 1251 1937 pluribus
1275 1905 1401 1927 summa
1423 1895 1585 1929 industria

145 1959 180 1985 et
199 1953 315 1985 labore
333 1953 412 1985 hinc
433 1952 512 1984 inde
532 1951 734 1995 conquisitis,
758 1950 793 1982 in
813 1949 893 1993 ipsis
918 1955 1029 1981 autem
1049 1949 1327 1992 Castigationibus
1348 1950 1483 1983 nomina
1501 1951 1585 1984 haec

142 2015 274 2041 tantum
296 2008 444 2052 profert:
480 2008 511 2050 a)
539 2006 721 2051 exemplar
737 2006 1021 2038 Franci-veanum
1045 2005 1135 2048 (cod.
1159 2005 1318 2038 coenobii
1337 2006 1372 2038 d.
1393 2007 1587 2040 Franci-sci

144 2064 364 2107 Salmentic.)
379 2089 390 2104 ‚
431 2063 522 2108 quod
540 2063 612 2106 ipse
633 2061 804 2106 praedicat
826 2060 1113 2104 antiquissimum
1135 2068 1169 2092 et
1191 2060 1520 2094 emendatissimum
1541 2074 1586 2094 ac

140 2121 250 2166 plane
264 2111 492 2152 venerantiae
505 2119 613 2162 fidei.
640 2118 706 2150 Hic
720 2117 880 2149 librorum
890 2114 1037 2148 Pinciani
1055 2115 1152 2147 facile
1172 2121 1222 2147 est
1236 2115 1391 2158 optimus.
1416 2116 1452 2159 b)
1465 2129 1582 2149 exem-

139 2177 225 2221 plat·
245 2175 411 2208 Facundi
429 2184 463 2208 et
475 2175 662 2208 Primitivi
681 2175 746 2217 (ex.
769 2173 932 2204 divorum
949 2173 1035 2204 Fac.
1049 2179 1083 2203 et
1093 2171 1238 2203 Primii.
1253 2171 1582 2216 correctissimum:

142 2232 250 2264 bonus
274 2231 358 2263 liber
378 2231 510 2263 videtur
532 2230 654 2271 fuisse,
680 2228 740 2261 sed
760 2227 909 2260 deterior
926 2226 995 2258 illo.
1044 2225 1075 2269 c)
1101 2226 1282 2272 exemplar
1305 2226 1414 2259 divae
1433 2228 1583 2261 Mariae

144 2288 211 2330 (ex.
234 2287 342 2319 divae
363 2287 507 2319 Mariae
526 2286 696 2318 Salment.
708 2310 719 2325 ,
753 2296 807 2316 ex.
829 2282 1059 2316 bibliothecae
1081 2282 1115 2314 d.
1138 2282 1285 2314 Mariae
1301 2283 1444 2326 Salm.).-
1476 2284 1581 2316 rarius

142 2342 306 2382 laudatur,
331 2354 428 2385 quam
451 2349 487 2374 ut
510 2342 616 2385 possit
639 2339 818 2373 diiudicari.
866 2338 901 2381 d)
928 2338 1109 2383 exemplar
1120 2338 1334 2370 Pt‘ncianum
1358 2339 1493 2382 (nomen
1516 2339 1581 2372 ha-

142 2399 202 2431 bet
226 2410 245 2430 a
267 2398 421 2438 Pincia,
458 2409 541 2441 quae
572 2397 673 2429 hodie
694 2395 816 2428 dicitur
841 2395 878 2428 V
874 2393 1073 2426 alladolid:
1110 2392 1188 2426 alibi
1213 2393 1402 2437 appellatur
1423 2407 1478 2427 ex.
1502 2394 1582 2428 divi

144 2453 255 2487 Pauli
276 2454 451 2486 Pinciani
481 2453 533 2486 vel
566 2454 601 2486 d.
628 2452 773 2495 Paua).-
810 2449 990 2483 admodum
1018 2460 1094 2482 raro
1124 2448 1287 2481 laudatur.
1337 2448 1368 2495 e)
1396 2450 1580 2495 exemplar

133 2509 330 2555 familiare
339 2509 408 2541 sive
423 2509 650 2541 domesticum
661 2508 871 2550 (Gallicana
891 2517 997 2538 mana
1011 2505 1191 2550 scriptum,
1217 2505 1445 2537 Gallicanum
1457 2518 1580 2547 meum,

144 2565 338 2598 Gallicana
362 2565 486 2596 littera
507 2565 676 2608 scriptum
690 2588 698 2603 ,
727 2575 780 2595 ex.
801 2562 1014 2594 Gallicanae
1035 2561 1202 2601 litterae,
1227 2572 1293 2605 quo
1311 2568 1391 2593 utor
1403 2559 1579 2605 familia-

143 2619 269 2664 riter):
301 2620 357 2652 hic
379 2619 484 2652 codex
506 2626 539 2651 et
560 2619 727 2662 proximus
741 2645 749 2659 ,
775 2617 830 2661 qui
850 2616 980 2660 saepius
1005 2616 1120 2648 ceteris
1143 2616 1306 2657 citantur,
1340 2615 1485 2648 melioris
1511 2627 1577 2648 no-

141 2683 196 2709 tae
217 2687 286 2709 non
309 2681 395 2707 sunt.
442 2675 471 2718 f)
498 2675 676 2719 exemplar
697 2673 947 2706 scholasticum
973 2673 1039 2716 (cx.
1064 2672 1278 2711 scholarum,
1301 2683 1356 2704 ex.
1374 2670 1577 2704 scholarum

235 2786 267 2829 ¹0)
292 2787 344 2818 De
367 2785 457 2818 libris
480 2791 549 2816 tam
573 2784 737 2828 impressis
760 2795 858 2828 qnam
880 2783 972 2817 mstis
997 2783 1161 2828 copiosius
1177 2780 1342 2826 disputavi
1363 2779 1399 2813 in
1414 2780 1576 2824 Prolego-

143 2842 248 2875 menis
273 2853 344 2886 cap.
369 2843 409 2873 ΙΙ.
436 2846 469 2872 et
493 2841 551 2872 111.
