1742 3094
212 175 297 220 546

661 177 702 217 L.
736 177 932 217 ANNAEl
963 178 1192 218 SENECAE

214 296 362 331 tantum
377 289 424 330 ad
448 289 557 341 uitia,
579 289 647 331 sed
671 303 874 346 praeceps.
921 289 972 332 Et
995 291 1096 345 qnod
1121 290 1328 345 plerosque
1347 288 1650 331 inemendabiles

217 358 324 409 facit,
343 357 513 398 omnium
526 357 689 399 aliarum
704 358 844 399 artium
857 365 1016 415 peccata
1033 357 1244 399 artificibus
1265 357 1401 414 pudori
1417 364 1508 398 sunt
1527 357 1651 398 offen—

170 439 200 465 ιο
216 426 388 480 duntque
406 425 676 467 decri-antem:
713 427 815 467 uitae
837 433 997 482 peecata
1011 427 1219 468 delectant.
1262 424 1356 467 Non
1377 426 1520 481 gaudet
1541 425 1650 467 naui-

214 493 280 549 gio
293 493 532 549 gubernator
546 507 704 535 euersm
737 508 814 534 non
832 494 974 548 gaudet
986 507 1105 550 aegro
1118 494 1291 535 medicus
1309 494 1427 535 elato.
1459 507 1539 534 non
1556 506 1652 548 gau-

215 562 281 603 det
292 568 441 613 orator,
474 561 507 602 si
532 561 685 616 patroni
705 561 819 616 eulpa
838 575 930 602 reus
955 561 1121 603 ceciditz
1153 568 1194 602 at
1218 569 1353 603 contra
1377 561 1554 602 omnibus
1575 560 1652 601 cri-

215 643 304 670 men
328 644 441 670 sunm
459 628 649 685 uoluptati
672 635 748 670 est.
787 627 981 670 Laetatur
995 628 1060 670 ille
1082 629 1274 670 adulterio
1289 629 1331 671 in
1344 629 1447 685 qnod
1469 629 1651 670 inritatus

215 705 278 739 est
301 697 387 752 ipsa
411 697 645 738 difficultate.
678 697 847 737 laetatur
869 696 935 738 ille
954 696 1316 752 circumscriptione
1338 687 1534 751 ffirmq'ue.
1578 709 1650 736 nee

215 772 306 807 ante
322 764 378 805 illi
397 764 509 820 culpa
523 777 639 819 quam
659 763 796 819 cnlpae
820 765 975 805 fortuna
998 763 1207 819 displicuit.
1239 763 1284 805 Id
1299 777 1422 820 praua
1442 770 1651 805 eonsuetu-

213 833 305 874 dine
318 831 467 873 euenit.
499 831 745 887 Alioquin'ut
760 832 864 873 scias
878 832 1046 874 subesse
1063 831 1202 874 animis
1222 831 1338 873 etiam
1349 831 1390 873 in
1401 831 1574 887 pessima
1583 830 1650 872 ab·

215 900 341 942 ductis
361 900 455 940 boni
473 913 634 940 sensum
656 913 728 940 nee
746 900 922 955 ignorari
948 908 1077 956 turpe,
1102 900 1172 941 sed
1193 899 1374 955 neglegi:
1407 912 1544 940 omnes
1561 911 1651 954 pec-

216 974 303 1010 cata
318 968 562 1009 dissimulant
584 974 639 1019 et,
667 967 843 1022 quamuis
867 968 1035 1009 feliciter
1051 968 1260 1020 cesserint,
1285 968 1414 1009 fructu
1431 967 1587 1008 illorum
1607 980 1651 1007 u-

166 1047 197 1073 11
216 1042 366 1087 tnntnr,
392 1036 475 1091 ipsu
493 1034 727 1076 subducunt.
759 1035 817 1076 At
839 1036 942 1076 bona
964 1036 1206 1077 conscientia
1225 1035 1381 1091 prodire
1400 1035 1483 1077 uult
1501 1041 1542 1076 et
1556 1047 1651 1076 con·

216 1102 330 1158 spici.
364 1103 477 1159 ipsus
489 1102 661 1157 nequitia
679 1103 861 1144 tenebras
885 1103 1009 1144 timet.
1049 1102 1263 1158 Eleganter
1275 1103 1406 1158 itaque
1422 1101 1653 1158 abEpicuro

216 1170 358 1211 dictum
373 1177 489 1225 puto:
518 1169 668 1211 Potest
677 1173 848 1212 nocenti
859 1173 1109 1226 contingere
1126 1176 1172 1212 ut
1186 1171 1338 1222 lateat,
1359 1170 1524 1212 latendi
1542 1168 1653 1225 fides

214 1251 301 1279 non
319 1243 492 1292 potest.-
522 1244 587 1279 aut
614 1238 648 1278 si
676 1238 749 1279 hoc
773 1239 888 1280 modo
914 1239 1052 1280 melius
1082 1238 1183 1280 hunc
1205 1238 1394 1295 explic-ari
1418 1251 1535 1294 posse
1553 1236 1651 1279 iudi-

216 1319 282 1347 cas
307 1319 494 1347 sensum:
531 1305 632 1348 Ideo
653 1318 740 1347 non
764 1307 947 1361 prodest
971 1307 1110 1348 latere
1126 1306 1429 1361 peccantibus,
1459 1307 1561 1362 quia
1587 1306 1652 1347 la-

216 1373 336 1415 tendi
356 1375 484 1416 etiam
509 1375 547 1415 si
565 1374 821 1429 felicitatem
841 1374 1013 1426 habeut,
1041 1373 1246 1430 fiduciam
1266 1387 1352 1416 nou
1372 1373 1540 1425 hahent.
1590 1371 1651 1415 Ita

168 1451 198 1478 ν)
216 1448 302 1494 est,
337 1449 419 1483 tuta
441 1442 593 1483 scelera
621 1456 710 1484 esse
740 1449 930 1498 possunt,

213 1543 268 1576 tia
279 1568 288 1583 ,
326 1543 390 1575 sed
419 1556 590 1589 praeceps
604 1559 650 1572 =
663 1546 684 1579 ΣΞ
695 1563 740 1568 -
750 1545 818 1582 §BL
835 1545 911 1580 8320.

213 1588 336 1632 probat
366 1589 429 1620 Sw.
460 1588 549 1620 laud.
579 1590 639 1631 Ep.
666 1587 722 1627 94,
745 1587 799 1621 72.
824 1601 911 1633 quo—

213 1634 308 1666 tiens
331 1633 569 1678 despexerunt
601 1637 641 1666 in
663 1635 678 1666 i
689 1635 758 1667 llu
771 1635 797 1666 d
831 1646 910 1666 ma-

211 1679 418 1724 gnitudinis
438 1691 526 1711 suae
541 1692 567 1726 p
578 1692 596 1710 r
606 1691 630 1711 α
642 1691 686 1711 ec
697 1691 747 1724 ep
759 1691 787 1711 s.
821 1679 910 1711 BGR

215 1735 234 1756 e
259 1722 384 1768 antiqq.
401 1735 438 1767 pp
451 1724 542 1756 Pinc.
567 1724 625 1757 Gr.
644 1726 779 1759 Sac‘lsffl
793 1743 833 1749 -—
846 1725 910 1761 (231.

214 1783 260 1798 ==
281 1781 354 1802 non
387 1771 713 1814 praenuntius
748 1768 832 1813 [1³2.
864 1784 910 1797 =

211 1826 326 1860 praen
336 1814 358 1847 ιῖ
368 1823 382 1847 ι
393 1814 487 1859 tius]
499 1823 640 1847 tamum
662 1815 711 1847 ad
731 1816 832 1854 vitia,
846 1815 910 1847 sed

211 1872 394 1906 praeceps.
442 1860 530 1892 unde
551 1861 606 1895 §Ru
617 1875 663 1888 =
677 1872 745 1892 non
774 1873 798 1905 p
809 1873 827 1892 r
837 1873 858 1892 α
871 1873 909 1892 e-

214 1918 238 1938 n
248 1917 271 1938 u
281 1917 304 1937 n
316 1914 330 1938 Δ
341 1907 386 1938 iu
398 1918 417 1938 s
436 1914 488 1938 est
499 1914 638 1938 tantum
650 1906 699 1939 ad
722 1907 823 1945 vitia,
846 1906 910 1938 sed

210 1963 364 1997 praecep
373 1960 388 1983 ι
399 1963 420 1983 o
429 1963 458 1985 r.
498 1962 535 1994 ερ
546 1966 591 1980 =
601 1964 670 1984 non
677 1963 745 1996 pro
754 1963 776 1982 n
786 1952 801 1984 i
823 1959 908 1983 tan-

213 2004 288 2030 tum
312 2008 330 2028 s
341 2008 363 2028 u
372 2009 406 2029 m
416 2008 438 2029 u
449 2008 467 2029 s
490 1997 540 2029 ad
573 1998 666 2030 vitia
676 2021 685 2037 ,
711 1996 776 2030 sed
798 2009 910 2042 prae-

213 2042 295 2087 cipi
306 2050 320 2074 t
332 2054 350 2073 e
361 2054 393 2086 s.
437 2053 484 2087 πχ
503 2056 549 2070 =
569 2054 638 2075 non
669 2053 760 2087 pron
773 2055 796 2074 a
823 2051 909 2075 tan-

211 2095 286 2120 tum
308 2087 357 2119 ad
381 2087 469 2119 vitia
481 2113 489 2128 ,
522 2088 587 2120 sed
607 2094 671 2120 etc.
703 2087 864 2133 [praec-ip
874 2088 909 2120 i-

211 2133 285 2165 tia
297 2131 327 2175 Ρ]
374 2132 474 2164 Recc.
496 2144 535 2175 pp
567 2148 612 2161 =
646 2144 715 2165 non
754 2143 878 2178 pronu
890 2143 907 2164 s

212 2185 350 2210 tantum
370 2178 419 2210 ad
442 2179 532 2209 vitia
556 2184 620 2210 etc.
668 2179 733 2215 (52.
744 2197 785 2202 -
797 2179 907 2212 ’Σίἱῦἲα

212 2222 246 2257 ὕ
262 2226 297 2260 -1-
312 2232 380 2253 ηοη
397 2233 548 2266 pronum
571 2223 610 2255 ic
621 2235 639 2254 e
651 2235 669 2254 r
694 2231 748 2254 ese
767 2230 906 2254 tantum

212 2267 261 2299 ad
282 2267 385 2306 vitia,
399 2266 463 2298 sed
473 2278 645 2312 praeceps
658 2268 705 2310 (Ε
717 2281 762 2294 =
775 2266 904 2309 [icerD.

207 2310 297 2344 Pinc.
321 2311 359 2343 ci.
374 2326 418 2339 =
431 2322 500 2343 non
524 2313 572 2344 in
593 2323 743 2356 pronum
764 2319 904 2344 tantum

207 2357 263 2390 im
273 2369 295 2388 u
305 2368 323 2388 s
346 2357 395 2389 ad
427 2357 518 2389 vitia
528 2381 537 2396 ‚
578 2357 641 2389 sed
672 2358 710 2388 in
730 2368 903 2402 praeceps

206 2408 263 2434 aut
293 2413 363 2434 non
386 2403 504 2447 proni
535 2403 591 2434 im
601 2414 622 2434 u
633 2413 652 2434 s
683 2410 822 2434 tantum
853 2402 903 2434 ad

206 2447 299 2480 vitia
310 2472 319 2486 ,
347 2447 412 2479 sed
441 2447 588 2492 praecip
597 2449 612 2479 i
621 2455 634 2479 t
646 2460 664 2479 e
674 2459 703 2479 3.
752 2447 903 2486 Quatuor

205 2503 247 2524 ex
266 2503 351 2524 rece.
365 2503 404 2535 pp
423 2490 481 2524 1²2.
497 2493 562 2530 (ξῖ.
583 2507 628 2520 =
651 2491 901 2537 offenduntque

204 2551 223 2570 e
233 2550 252 2569 r
263 2550 313 2570 ra
323 2549 345 2569 n
357 2546 426 2570 tem
465 2539 562 2571 vitae
593 2545 752 2583 peccata.
800 2538 836 2572 {R
856 2556 899 2562 —

202 2583 266 2621 (51.
276 2597 322 2611 =
335 2582 592 2628 offenduntque,
617 2584 641 2615 d
651 2595 673 2615 u
684 2595 719 2615 m
742 2595 761 2614 e
772 2595 791 2615 r
802 2595 821 2614 r
830 2593 899 2615 an-

201 2635 271 2660 tem
307 2630 403 2661 vitae
440 2636 598 2674 peccata.
645 2629 690 2663 ‘m
713 2642 758 2656 =
782 2627 897 2671 offen-

199 2673 356 2718 duntque
368 2686 377 2705 :
402 2686 421 2706 e
431 2686 450 2706 r
460 2682 608 2707 tantem
631 2674 679 2706 in
703 2674 756 2706 vit
767 2685 789 2706 α
808 2685 894 2718 pec-

198 2725 290 2751 caea.

962 1456 1104 1484 secura
1130 1457 1208 1484 non
1230 1449 1408 1498 possunt.
1467 1440 1555 1483 Hoc
1576 1455 1650 1496 ego

957 1544 1284 1589 circumscriptione
1296 1544 1414 1590 furta,
1436 1555 1492 1589 qu
1503 1555 1555 1577 ae
1576 1555 1649 1576 nec.

955 1587 1015 1622 P4.
1028 1605 1073 1620 =
1086 1591 1286 1622 circumscr.
1299 1591 1386 1633 sur!
1397 1591 1411 1621 i
1421 1601 1486 1634 que
1507 1600 1581 1622 nec.
1619 1588 1649 1620 G

957 1635 981 1666 P
996 1633 1025 1666 1.
1049 1650 1094 1662 =
1116 1636 1316 1668 circumscr.
1346 1633 1434 1680 furt
1444 1635 1468 1666 ι’.
1526 1635 1649 1675 Quae

956 1691 978 1711 n
990 1691 1012 1712 ιι
1024 1691 1046 1711 n
1058 1693 1077 1712 c
1099 1680 1158 1712 illi
1177 1680 1291 1726 culpa.
1337 1679 1372 1714 θὶ
1383 1698 1423 1703 ——
1437 1680 1501 1716 &1-
1515 1693 1561 1707 =
1571 1680 1647 1711 cir-

955 1737 1102 1758 cumscr.
1121 1724 1207 1770 furt
1218 1727 1231 1757 i
1243 1750 1252 1767 ,
1275 1737 1298 1769 q
1306 1736 1328 1757 u
1337 1737 1358 1757 ο
1367 1724 1392 1756 d
1415 1736 1439 1757 n
1448 1736 1471 1756 u
1483 1735 1505 1755 n
1516 1737 1535 1757 c
1564 1733 1649 1756 ame

954 1770 1012 1803 illi
1032 1771 1148 1816 culpa.
1196 1771 1260 1807 OEl.
1279 1785 1326 1798 ---
1347 1770 1546 1803 circumear.
1557 1768 1648 1814 jier-

955 1816 1014 1856 ti,
1056 1816 1148 1861 quod
1179 1826 1268 1847 non
1309 1823 1402 1848 tam
1444 1815 1502 1847 illi
1530 1814 1645 1859 culpa.

955 1861 1077 1893 Matth.
1102 1861 1142 1893 ci.
1156 1875 1202 1888 =
1215 1861 1294 1906 culp
1304 1872 1327 1893 α
1339 1859 1470 1906 fortun
1483 1872 1507 1892 α
1517 1873 1547 1894 e.

998 1907 1128 1951 Alioqu
1138 1908 1153 1938 i
1162 1918 1184 1938 n
1197 1921 1241 1934 =
1252 1906 1342 1939 BGR
1353 1906 1418 1941 ’ὶίῧὶ
1428 1923 1475 1930 —
1485 1905 1568 1941 Q&-

955 1952 1074 1989 &lo-
1089 1952 1347 1997 ffltss=Ali0qu
1358 1951 1382 1984 i·
1428 1951 1582 1988 1OE¹020
1599 1964 1647 1978 =

1026 2008 1182 2080 pem
1209 1995 1496 2076 andex-...G
1515 1995 1644 2084 <scm

953 2103 999 2116 =
1010 2097 1044 2119 et
1066 2100 1192 2133 quamq
1200 2100 1222 2120 u
1233 2100 1256 2121 a
1266 2100 1300 2120 m
1312 2086 1489 2132 feliciter.

1001 2142 1053 2175 11.
1086 2146 1189 2188 ipsas
1227 2144 1386 2187 nequitia
1416 2140 1581 2174 tenebras
1597 2154 1644 2168 ===

953 2189 1008 2220 BR
1025 2189 1074 2219 sG
1099 2188 1249 2231 plerique
1272 2198 1310 2230 ρρ
1334 2188 1406 2224 (Sl.
1427 2205 1471 2212 ·-
1492 2187 1540 2222 Θ,
1611 2186 1642 2218 G

953 2233 1061 2276 (μω.)
1083 2235 1176 2276 αζὲφ
1198 2233 1256 2264 Pl.
1276 2231 1310 2264 3.
1334 2232 1466 2271 ffi÷23
1485 2246 1532 2259 =
1552 2231 1643 2277 ipsa

950 2289 1027 2323 neq.
1051 2287 1121 2311 ten.
1167 2275 1378 2322 pamm-21²2.
1403 2274 1474 2308 col.
1495 2277 1524 2311 ἵ
1541 2291 1589 2305 =
1607 2277 1641 2309 i-

947 2334 1034 2367 psas
1063 2323 1267 2368 nequitiae
1300 2331 1372 2355 ten.
1426 2321 1462 2356 θὶ
1477 2338 1524 2347 -·
1543 2323 1576 2357 8
1597 2336 1642 2350 ==

948 2369 1046 2400 laten
1058 2369 1097 2400 ti
1112 2368 1222 2410 fides.
1270 2366 1362 2400 Pinc.
1383 2366 1424 2399 ci.
1436 2380 1483 2395 =
1503 2366 1642 2400 latendi

938 2411 990 2457 fi
1002 2413 1026 2445 d
1036 2426 1059 2445 u
1070 2426 1088 2444 c
1099 2414 1113 2445 i
1122 2424 1156 2445 α.
1204 2412 1317 2445 Noun.
1339 2423 1425 2445 rece.
1438 2423 1476 2455 pp
1487 2410 1547 2444 1³3.
1566 2411 1639 2446 Col.

947 2458 980 2493 {R
999 2459 1100 2493 —SJR
1118 2457 1640 2503 =etioemsisacultatem

947 2503 1086 2536 habent.
1135 2503 1199 2536 Alii
1219 2514 1304 2536 reoc.
1321 2513 1360 2546 ρρ
1371 2501 1429 2535 Pl.
1441 2517 1486 2530 =
1498 2502 1641 2535 etiamsi

943 2547 996 2591 fa
1007 2561 1026 2580 c
1036 2550 1050 2581 i
1060 2549 1098 2581 li
1107 2557 1120 2580 t
1131 2562 1154 2581 a
1165 2558 1234 2580 tem
1258 2548 1400 2580 habent.

989 2602 1068 2627 tuta
1088 2595 1226 2626 scelera
1249 2604 1327 2626 esse
1371 2600 1494 2625 oss-uus
1505 2616 1515 2634 ,
1538 2603 1639 2624 secu—

945 2651 989 2671 ra
1011 2651 1081 2671 non
1109 2646 1314 2685 postu-ma
1380 2638 1487 2673 ·-&0
1555 2647 1637 2671 πε

940 2693 1018 2717 tuta
1032 2684 1168 2717 scelera
1188 2695 1276 2725 esse,
1297 2693 1423 2716 secura
1443 2694 1462 2714 e
1471 2693 1491 2714 s
1500 2692 1519 2714 ε
1530 2693 1550 2714 e
1567 2693 1636 2715 non

935 2737 1096 2775 possunt.
1155 2730 1182 2761 B
1201 2743 1247 2758 =
1268 2736 1346 2762 tuta
1382 2725 1520 2760 scelera
1557 2739 1637 2761 esse

242 2772 296 2806 10.
317 2773 347 2806 R
360 2791 402 2799 ——
415 2787 497 2808 reue
518 2781 598 2808 ante
619 2774 759 2808 cecidit.
800 2774 892 2807 -R==
932 2782 1086 2820 possunt
1107 2774 1179 2807 rell.
1206 2785 1272 2807 om.
1318 2773 1495 2805 Gamla
1521 2772 1635 2806 scele-

192 2820 538 2864 circumspectione
552 2820 732 2865 furtoque.
772 2818 889 2853 P3.=
936 2832 978 2853 ra
1009 2832 1096 2853 non
1128 2831 1206 2853 esse
1235 2826 1383 2865 possum
1406 2816 1477 2850 rell.
1503 2827 1568 2849 om.
1607 2818 1633 2849 R
