1742 3094
119 594 154 622 29
172 580 426 634 concoctique
452 587 660 635 ponantur.

118 995 152 1021 30

116 1473 145 1499 31

136 1714 138 1716 ,
165 1691 188 1711 a
197 1690 225 1723 g
237 1677 352 1710 ebant.

172 193 258 237 596
622 196 665 236 L.
696 197 894 237 ANNAEI
924 199 1154 239 SENECAE

172 313 401 348 ornamenta
426 314 567 349 coeant
589 314 628 350 et
654 309 903 351 cohaereant.
966 309 1103 352 Sciant
1131 311 1308 367 protinus
1330 312 1368 353 hi
1391 313 1461 368 ⁴qui
1487 313 1607 354 iacta-

173 375 317 416 tionem
340 389 393 416 ex
411 375 498 417 istis
519 376 596 431 peti
619 383 658 418 et
675 377 839 432 gloriam
855 378 1011 420 aiebant
1033 394 1111 420 non
1131 380 1284 421 ostendi
1301 380 1392 433 ista,
1425 381 1494 422 sed
1513 395 1608 422 con-

172 443 361 484 scientiae
391 443 488 485 dari.
548 443 704 486 Pariter
727 445 806 487 sint
833 459 932 501 quae
962 447 1114 503 disponi
1139 448 1269 489 solent
1295 463 1373 490 uno
1406 448 1492 489 iure
1519 462 1608 504 per-

173 512 283 553 fusa:
317 512 609 554 nihilintersitz
652 520 810 565 ostrea,
851 514 1002 567 echini,
1035 516 1237 571 spondyli,
1270 516 1375 558 mulli
1394 515 1608 572 perturbati

719 580 815 622 Non
844 589 949 623 esset
981 583 1182 624 confusior
1209 585 1447 626 uomentium
1479 585 1604 625 cibus.

171 645 376 702 Quomodo
411 647 485 689 ista
518 648 705 703 perplexa
732 656 823 690 sunt
846 649 902 690 sic
933 650 1096 691 existis
1122 665 1201 692 non
1229 652 1448 708 singulares
1480 651 1607 693 morbi

169 722 409 767 nascuntur,
442 716 512 757 sed
535 716 858 771 inexplicabiles,
891 717 1062 769 diuersi,
1095 719 1377 761 multiformes:
1416 720 1606 761 aduersus

168 797 266 836 quos
287 782 531 824 etmedicina
549 798 702 825 armare
722 799 766 826 se
787 785 914 840 coepit
931 785 1062 827 multis
1079 786 1307 842 generibus,
1328 787 1459 828 multis
1471 787 1608 828 obser-

167 850 408 892 uationibus.
469 850 578 892 Idem
597 852 665 893 tibi
685 853 732 893 de
752 853 995 909 philosophia
1017 854 1119 895 dico.
1181 852 1276 896 Fuit
1291 854 1496 910 aliquando
1515 854 1608 896 sim-

168 918 307 974 plicior
328 918 432 960 inter
455 919 606 961 minora
628 928 836 975 peccantes
856 928 896 962 et
918 921 996 963 leui
1018 936 1170 977 quoque
1195 936 1288 964 cura
1309 922 1604 964 remediabiles:

169 987 361 1028 aduersus
394 994 542 1028 tantam
569 1003 721 1030 morum
753 989 1003 1030 euersionem
1034 990 1162 1031 omnia
1187 991 1363 1032 conanda
1389 997 1494 1032 sunt.
1553 988 1609 1031 Et

168 1053 314 1095 utinam
339 1054 396 1095 sic
415 1055 582 1110 denique
613 1056 698 1097 lues
720 1056 797 1097 ista
822 1055 1066 1098 uindicetur!
1128 1056 1222 1098 Non
1255 1058 1434 1113 priuatim
1462 1058 1604 1110 solum,

168 1123 237 1163 sed
268 1122 420 1178 publice
455 1123 634 1166 furimus.
695 1123 916 1165 Homicidia
948 1125 1218 1180 conpescimus
1248 1132 1288 1166 et
1316 1126 1490 1181 singulas
1515 1138 1605 1166 cae-

167 1191 260 1231 des:
304 1190 393 1245 quid
417 1190 520 1232 bella
543 1199 584 1232 et
609 1192 826 1233 occisarum
850 1192 1024 1247 gentium
1059 1192 1275 1247 gloriosum
1299 1193 1454 1234 scehls?
1509 1190 1607 1234 Non

165 1258 331 1300 auaritia
346 1289 358 1309 ‚
390 1272 470 1299 non
496 1259 706 1300 crudelitas
730 1260 885 1300 modum
913 1259 1037 1300 nouit.
1098 1258 1152 1300 Et
1172 1259 1248 1301 ista
1272 1259 1452 1316 quamdiu
1473 1259 1606 1301 furtim

166 1333 248 1368 eta
270 1326 433 1381 singulis
458 1327 580 1379 fiunt,
623 1326 752 1368 minus
773 1327 895 1368 noxia
922 1327 1127 1382 minusque
1151 1335 1374 1370 monstrosa
1397 1334 1511 1369 sunt:
1553 1341 1608 1369 ex

168 1394 520 1435 senatusconsultis
562 1395 762 1450 plebisque
803 1395 913 1436 scitis
954 1409 1073 1436 saeua
1114 1403 1353 1450 exercentur
1387 1403 1426 1437 et
1454 1395 1606 1452 publice

166 1462 350 1504 iubentur
386 1462 508 1504 uetita
532 1462 733 1523 priuatim.
797 1461 911 1517 Quae
938 1463 1036 1504 clam
1069 1463 1276 1505 commissa
1300 1464 1425 1521 capite
1451 1463 1609 1505 luerent

166 1542 322 1574 culorum
355 1554 374 1575 s
384 1543 449 1574 cit
459 1554 483 1574 a
494 1550 622 1574 menta.
671 1542 705 1576 {R
716 1560 762 1566 —
773 1543 806 1577 >B
817 1558 864 1571 =
910 1541 1008 1575 biles.
1057 1543 1156 1576 ⁵)R—
1165 1543 1231 1578 {ma
1245 1557 1291 1571 ===
1311 1543 1444 1576 advers
1454 1554 1477 1574 u
1488 1554 1534 1576 m.
1568 1543 1604 1578 θί

165 1595 290 1619 coeant
314 1596 348 1619 et
371 1599 411 1619 co
421 1601 440 1619 e
450 1600 468 1619 r
479 1598 499 1618 c
511 1596 604 1619 eunt.
643 1587 730 1631 <1ss23
742 1602 787 1615 =
802 1599 862 1619 co—

165 1633 189 1664 Ιι
200 1645 219 1665 e
231 1644 250 1664 r
262 1645 281 1664 c
292 1641 387 1665 eant.
435 1633 464 1664 R
486 1643 586 1664 nonu.
601 1643 637 1675 pp
649 1647 693 1660 =
705 1633 862 1677 gloriam

412 1678 443 1709 G
472 1692 518 1705 =
550 1678 706 1723 gloriam
741 1689 763 1709 a
774 1690 800 1723 g
813 1691 860 1711 e-

165 1736 183 1756 s
193 1733 206 1756 t
217 1731 292 1755 ant.
318 1723 346 1757 ‘K
363 1727 397 1761 -Ι-
413 1723 651 1755 conscientiae
673 1735 694 1755 ν
705 1723 748 1755 el
768 1735 860 1756 con·

165 1778 179 1802 t
191 1770 237 1801 in
248 1779 299 1801 en
310 1769 350 1800 ci
363 1781 394 1801 e.
442 1779 458 1802 ε
470 1783 516 1796 =
527 1769 776 1800 conscientia.
824 1770 859 1804 θῖ

164 1832 210 1839 —
221 1815 254 1849 ΞΒ
265 1828 311 1841 =
322 1814 471 1846 Pariter
503 1814 586 1846 sicu
597 1822 622 1846 t.
670 1813 699 1846 R
712 1829 757 1842 =
768 1814 864 1846 nihil

162 1861 259 1893 inter
270 1873 290 1891 e
300 1871 318 1891 s
331 1868 355 1892 t.
403 1860 432 1894 Ἰ(
443 1874 489 1887 =
503 1867 632 1892 ostrea.

210 1905 311 1937 echin
323 1905 337 1937 i
347 1930 355 1945 ‚
381 1905 559 1951 spondyli,
586 1904 674 1938 mall
682 1905 696 1937 i
712 1913 860 1951 pertur-

164 1944 241 1983 hali
250 1966 296 1978 =
308 1951 362 1983 Sa.
422 1951 624 1996 Ββιοπστφψ
634 1966 680 1978 =
697 1963 730 1980 ω
752 1962 860 1996 spon-

164 1996 189 2028 d
198 2008 221 2028 u
230 1997 258 2028 li
281 1995 322 2040 [B
335 2007 380 2028 cr.
392 2011 438 2024 =
449 1996 561 2042 spond
565 2009 598 2039 y
609 1997 625 2028 l
633 1995 675 2040 li]
691 1994 793 2029 rimlli
809 2009 842 2026 ω
851 2020 859 2029 .

162 2053 185 2085 η
197 2057 241 2070 =
254 2042 382 2081 echini,
406 2041 576 2086 spondyli
591 2041 794 2087 perturbati
812 2042 861 2074 in

163 2088 291 2119 ollis.
338 2087 432 2121 ffl—
450 2088 482 2121 ἓῖ
504 2102 550 2114 =
573 2087 729 2119 echinis
748 2098 859 2132 pon—

162 2132 218 2164 du
229 2133 264 2164 li
302 2130 426 2174 [etiam
448 2132 477 2164 R
500 2144 534 2175 p.
547 2144 590 2164 m.
616 2147 662 2160 =
680 2131 857 2178 ponduli]

163 2188 186 2208 n
196 2189 218 2208 u
229 2177 318 2208 llis
338 2177 550 2220 perturbati.
601 2177 690 2209 GPl.
703 2192 749 2205 =
760 2177 859 2208 echi-

162 2233 300 2304 Ζοιὴῗηιῖ),
309 2232 360 2310 DZ
371 2221 427 2298 gii
436 2221 492 2298 (Ιίῗι
503 2222 675 2299 l'iuitlzlullli.
719 2222 790 2299 (1:²03.
813 2244 859 2294 Ξ

163 2313 282 2344 echin
296 2322 317 2342 n
330 2312 372 2343 is
388 2311 598 2356 pondula
619 2311 769 2343 'nullis-
797 2310 856 2343 P4.

161 2357 375 2389 :echinis
389 2356 608 2402 pendula
625 2355 773 2388 mullis.
793 2357 857 2393 (ξι,

162 2423 205 2428 —
226 2404 290 2438 ‘Ru
311 2416 356 2430 =
381 2402 518 2434 echinis
529 2426 537 2442 ,
573 2401 744 2447 spondyli
769 2413 858 2446 per-

163 2448 299 2482 turbati
323 2447 413 2479 mull
421 2447 435 2479 i
446 2458 474 2481 s.

206 2491 260 2526 29.
286 2493 312 2524 B
326 2491 443 2536 (cnm)
467 2506 513 2520 =
534 2503 595 2524 mo
607 2492 772 2524 ventium
803 2492 858 2524 ci-

167 2539 238 2572 bus.
286 2538 314 2570 R
331 2539 365 2577 ‘4-
384 2551 403 2571 e
413 2546 428 2570 ι
462 2537 649 2570 medicina.
699 2538 732 2572 ὅ
755 2548 794 2569 ex
818 2537 857 2569 ci.

162 2584 254 2627 Lips.
277 2598 323 2612 =
356 2581 762 2629 multigeneribus
797 2582 857 2615 ob—

162 2629 426 2662 servationibus
442 2635 557 2660 contra
571 2633 676 2660 mstos
693 2634 727 2659 et
742 2627 857 2671 imprr.

207 2675 306 2707 Idem
330 2683 343 2706 t
355 2677 369 2706 i
379 2674 476 2706 bi=
486 2685 563 2706 mss-
589 2673 654 2708 'Kffl
665 2691 721 2710 -,
732 2674 815 2708 z&-

161 2721 194 2755 {B
206 2738 252 2744 —
264 2721 327 2753 *ma
338 2737 385 2744 -
396 2719 472 2753 tibi.

208 2764 457 2797 remediabile-s
481 2780 524 2792 =
550 2775 628 2796 mss.
663 2763 762 2796 etiam
797 2763 854 2795 Gr.

163 2810 267 2842 Gron.
289 2811 351 2846 Sac
365 2810 429 2845 214st
443 2829 485 2835 -
498 2811 561 2847 (ξι.
575 2810 632 2844 {Ru
649 2827 686 2834 —
700 2809 747 2845 ῢ.
771 2819 856 2852 pro-

162 2855 220 2887 bat
245 2855 348 2889 Gron.
371 2856 492 2894 (32—
503 2856 631 2894 ἔδικε
650 2866 713 2888 me
725 2853 854 2887 dica-

907 1605 954 1611 -—
966 1588 1030 1621 fflta
1039 1607 1085 1612 —
1097 1596 1180 1619 sunt
1202 1594 1282 1631 post
1304 1589 1476 1620 conanda.

952 1631 1010 1664 30.
1034 1630 1147 1664 1’4.==
1161 1642 1195 1664 ει
1207 1634 1283 1678 utiq
1293 1646 1316 1665 u
1326 1646 1345 1665 e
1366 1635 1420 1665 sic
1441 1633 1602 1678 denique.

910 1676 981 1708 Col.
995 1691 1039 1704 =
1052 1685 1086 1709 et
1109 1689 1132 1709 u
1145 1690 1166 1709 u
1177 1689 1200 1709 n
1210 1690 1228 1709 c
1253 1680 1295 1710 si
1306 1687 1320 1710 t
1349 1679 1511 1723 denique.

953 1723 1155 1755 vindicetur
1175 1738 1221 1751 =
1242 1734 1320 1755 mss.
1355 1723 1440 1767 (exc.
1456 1722 1601 1767 εηθρσχ)

907 1766 1007 1799 etiam
1018 1766 1076 1799 P2.
1089 1767 1122 1800 3.
1148 1770 1211 1800 Sac
1223 1770 1288 1804 Ἱίξὶῐ
1301 1787 1345 1793 -
1357 1769 1457 1806 εἵμῢ
1470 1769 1509 1812 (8
1518 1779 1600 1812 p.m.

905 1828 952 1840 =
964 1813 1086 1845 vindic
1095 1825 1119 1845 a
1129 1813 1213 1857 tur).
1279 1824 1339 1858 ερχ
1349 1828 1395 1842 =
1407 1813 1488 1846 vinc
1499 1826 1522 1845 a
1531 1821 1601 1846 tur.

906 1870 929 1902 η
941 1859 1045 1890 =iu
1057 1858 1205 1892 dicetur.
1253 1858 1418 1892 3=dic
1430 1866 1601 1891 eretur.

909 1914 930 1937 σ
950 1919 996 1932 =
1021 1905 1302 1938 vindicaretur.
1359 1905 1385 1937 P
1399 1903 1430 1936 1.
1451 1918 1498 1932 =
1519 1915 1542 1935 u
1554 1903 1604 1936 ni

908 1949 1056 1982 dicetur.
1106 1950 1131 1982 P
1143 1949 1175 1983 4.
1204 1954 1237 1988 -ἰ-
1265 1961 1288 1981 n
1299 1961 1319 1981 ο
1329 1961 1353 1982 n
1389 1949 1601 1982 vindicetur.

909 1994 981 2027 Col.
995 2010 1039 2022 =
1052 2006 1084 2026 m
1096 2007 1114 2027 e
1127 1994 1306 2028 ditetur.
1354 1995 1604 2032 &20-2mn=

908 2042 968 2072 vin
979 2053 998 2072 ι·
1008 2053 1027 2072 e
1036 2053 1055 2071 r
1066 2049 1154 2072 etur.
1202 2041 1231 2072 R
1254 2055 1300 2068 =
1323 2048 1357 2072 ec
1393 2041 1485 2073 occis
1494 2051 1514 2071 υ
1525 2051 1604 2072 rum

905 2086 1043 2130 glorios
1054 2098 1076 2118 u
1087 2098 1105 2118 s
1137 2098 1158 2126 ρ
1168 2099 1186 2118 e
1196 2086 1240 2117 lu
1252 2098 1281 2117 s.
1331 2085 1361 2117 G
1371 2085 1475 2128 (mm)
1517 2096 1602 2128 qua·-

905 2136 983 2162 tuor
1006 2142 1046 2162 ex
1069 2141 1152 2162 rece.
1169 2142 1207 2172 pp
1218 2128 1277 2162 Pl.
1288 2129 1321 2162 3.
1335 2144 1382 2158 =
1394 2131 1601 2162 occisorum

903 2175 1109 2220 gloriosum.
1145 2174 1203 2208 P4.
1215 2189 1262 2203 =
1273 2176 1365 2207 occis
1376 2187 1395 2207 ο
1407 2186 1485 2207 rum
1507 2185 1600 2219 gen-

905 2221 993 2252 tium
1021 2219 1071 2264 gl.
1120 2220 1155 2254 {R
1176 2238 1220 2244 —-
1241 2221 1272 2254 z
1295 2238 1338 2246 —-—
1357 2221 1528 2264 gentium.
1570 2219 1602 2252 G

907 2266 964 2308 (cr.
973 2264 1025 2306 ω)
1047 2279 1093 2292 =
1114 2272 1148 2297 ec
1168 2276 1192 2296 a
1203 2264 1228 2296 d
1250 2265 1376 2310 singul
1384 2277 1408 2297 a
1423 2264 1534 2308 fiunt.
1571 2264 1601 2300 ἵ

905 2328 947 2334 ——
968 2322 991 2342 a
1012 2315 1090 2342 ante
1111 2310 1277 2355 singulis.
1325 2311 1359 2344 {R
1381 2327 1427 2334 —
1449 2310 1481 2344 Β
1501 2324 1546 2339 ==
1567 2317 1602 2342 ει

905 2355 1061 2400 singula
1076 2355 1188 2398 fiunt.
1236 2354 1343 2388 sBGR
1355 2355 1412 2387 Gr.
1425 2355 1489 2390 ’ὶίῦἰ
1506 2374 1546 2381 —-·
1566 2356 1600 2390 Θ

904 2415 950 2428 =
963 2409 1096 2433 monstr
1107 2413 1128 2432 u
1140 2412 1214 2433 osa·
1261 2410 1310 2434 πσ
1321 2415 1366 2431 z
1386 2413 1398 2432 ι
1409 2411 1433 2432 η
1456 2412 1474 2432 s
1485 2412 1504 2432 c
1514 2412 1533 2432 e
1543 2411 1566 2431 n
1577 2411 1600 2432 a

905 2454 1122 2478 exercentur.
1169 2444 1227 2479 P2.
1248 2460 1294 2473 =
1315 2457 1335 2478 s
1345 2458 1363 2477 c
1372 2457 1465 2478 aeva
1495 2457 1600 2477 exer-

904 2500 1037 2523 cemur.
1084 2489 1143 2525 P3.
1158 2506 1203 2519 =
1213 2502 1231 2522 s
1241 2503 1261 2523 c
1269 2503 1288 2523 e
1297 2502 1320 2522 n
1329 2502 1354 2523 a
1377 2499 1597 2522 exercentur.

905 2534 962 2569 P4.
987 2552 1032 2565 =
1052 2548 1070 2568 s
1081 2549 1099 2569 e
1110 2547 1132 2568 n
1143 2548 1166 2569 a
1205 2544 1421 2568 exercemur.
1473 2535 1544 2576 ζῦἳῖ
1553 2551 1600 2560 -·

905 2582 962 2617 53⁴.
975 2598 1020 2611 =
1034 2595 1051 2614 s
1061 2595 1080 2614 c
1090 2595 1108 2615 e
1118 2582 1160 2614 le
1170 2595 1189 2614 r
1201 2594 1224 2614 a
1251 2588 1467 2614 exercentur.
1511 2579 1597 2612 Reu.

905 2626 1005 2660 etiam
1029 2627 1086 2659 Gr.
1104 2640 1152 2662 ω.
1201 2628 1227 2658 Β
1248 2641 1294 2654 =
1317 2633 1468 2660 vetata.
1514 2624 1543 2659 21
1558 2629 1593 2664 -l-

905 2682 1076 2706 vetata
1102 2672 1177 2705 vel
1206 2674 1326 2704 veu'ta.

947 2717 1003 2751 31·
1031 2718 1096 2753 Gffi
1115 2718 1260 2752 —ss=
1272 2715 1479 2760 Quaedam
1501 2727 1598 2747 com-

902 2763 1024 2796 missa.
1072 2764 1135 2801 OEl.
1147 2778 1193 2791 =
1208 2762 1383 2796 Privatim
1404 2773 1426 2806 q
1436 2773 1458 2792 u
1469 2760 1485 2793 ι’
1494 2760 1518 2792 d
1527 2773 1551 2793 α
1560 2772 1594 2793 m

901 2809 1095 2843 commissa.
1120 2810 1241 2853 βικλτφ
1252 2808 1348 2844 Ἇῦῖ.
1363 2824 1403 2831 -
1414 2807 1448 2841 (⁵)
1459 2821 1505 2834 =
1510 2805 1593 2852 pri-

900 2855 1015 2887 vatim
1032 2865 1122 2900 quae
1139 2853 1335 2887 commissa.
1371 2850 1442 2884 col.
1455 2867 1501 2881 =
1509 2852 1592 2898 pri-
