1742 3094
170 1406 204 1434 24
223 1398 410 1438 scendum
442 1405 517 1439 est.

221 198 303 243 502

670 197 714 238 L.
744 197 941 238 ANNAEI
974 198 1204 238 SENECAE

170 323 205 350 Ἰ)
223 303 446 366 diligentius
468 310 781 353 considerantur.
841 310 926 353 Aut
947 318 990 352 tu
1014 312 1092 353 isto
1114 311 1229 352 modo
1251 311 1343 353 licet
1363 319 1404 353 et
1424 313 1659 355 consolatio-

223 393 294 420 nes
323 379 430 420 dicas
461 392 726 435 superuacuas
749 387 789 421 et
808 379 1129 421 exhortationes:
1175 380 1281 435 atqui
1304 393 1383 421 non
1410 388 1501 422 sunt
1522 396 1659 438 super-

222 460 397 498 uacuae,
442 460 540 502 ergo
572 461 622 488 ne
651 447 888 488 monitiones
930 448 1099 503 quidem.

1171 447 1358 490 Stultum
1389 454 1452 490 est
1461 480 1476 501 ‚
1516 450 1659 505 inquit,

217 516 484 569 praecipere
510 528 645 571 aeyro
672 516 776 570 quid
796 514 954 571 facere
976 521 1190 571 tamquam
1215 529 1347 558 sanus
1367 516 1536 569 debeat,
1566 531 1659 560 cum

220 583 489 625 restituenda
504 585 670 625 sanitas
684 585 739 625 sit
754 585 845 625 sine
860 597 945 639 qua
959 585 1095 625 inrita
1112 589 1210 626 sunt
1221 590 1478 639 praccepta.
1537 584 1658 639 Quid,

223 651 324 705 quod
349 651 493 692 habent
523 651 631 706 aegri
654 652 840 706 quaedam
867 651 1030 707 sanique
1052 651 1272 693 communia
1295 652 1342 693 de
1365 653 1504 707 quibus
1529 654 1661 695 admo·

223 719 339 759 nendi
362 721 481 760 sunt?
523 726 718 773 tamquam
742 733 791 760 ne
813 719 928 761 auide
952 719 1060 760 cibos
1083 720 1290 775 adpetant,
1331 727 1375 761 ut
1393 720 1660 762 lassitudinem

223 786 362 826 nitent.

424 785 583 828 Habent
606 788 794 842 quaedam
829 794 1033 843 praecepta
1057 787 1278 828 communia
1302 801 1450 843 pauper
1469 795 1510 830 et
1531 789 1658 831 diues.

171 853 369 905 Qsza,
414 854 562 909 inquit,
609 856 844 896 auaritiam
872 860 912 898 et
936 855 1045 897 nihil
1077 854 1250 896 habebis
1280 855 1396 910 quod
1428 856 1662 899 admoneas

220 926 297 963 aut
326 935 569 977 pauperem
601 928 676 965 aut
712 923 884 965 diuitem
899 937 912 964 .·
954 923 1171 978 cupiditas
1205 923 1429 978 vam-iusque
1456 924 1661 967 considet.

221 988 326 1044 Quid
349 991 450 1045 quod
473 991 575 1032 aliud
602 999 663 1032 est
686 1006 766 1032 non
789 991 1068 1047 concupiscere
1092 991 1310 1046 pecuniam,
1343 991 1446 1032 aliud
1472 992 1527 1033 uti
1545 1005 1662 1048 pecu-

219 1058 284 1098 nia
312 1058 448 1099 seire?
478 1059 589 1100 cuius
609 1059 717 1100 anari
742 1059 896 1100 modum
919 1058 1126 1113 ignorant,
1161 1059 1276 1100 etiam
1295 1073 1375 1100 non
1395 1060 1506 1100 anari
1530 1074 1658 1102 usum.

225 1124 376 1177 Tollo,
414 1126 563 1181 inquit,
604 1139 807 1168 em'ores:
846 1139 1121 1181 superuacua
1141 1131 1385 1181 praecepta
1400 1132 1509 1168 sunt.
1567 1125 1661 1169 Fal-

220 1206 305 1235 sum
329 1201 416 1235 est:
462 1201 555 1250 puta
573 1195 677 1236 enim
699 1194 904 1236 auaritiam
922 1194 1140 1235 relaxatam
1155 1225 1166 1246 ‚
1211 1201 1304 1250 puta
1326 1194 1549 1236 adstrictam
1571 1209 1662 1237 esse

219 1261 414 1303 luxuriam
429 1293 440 1314 ‚
475 1263 684 1304 temeritati
709 1263 842 1303 frenos
862 1261 1029 1303 iniectos
1043 1294 1055 1314 ‚
1086 1261 1269 1317 ignauiae
1287 1261 1483 1303 subditum
1507 1262 1661 1304 calcar:

220 1329 336 1370 etiam
366 1330 528 1371 remotis
551 1330 658 1371 uitiis
689 1330 779 1385 quid
806 1336 846 1371 et
873 1330 1196 1385 quemadmodum
1220 1329 1432 1371 debeamus
1455 1331 1585 1371 facem
1607 1331 1664 1372 di-

579 1398 729 1449 Nihil,
764 1397 914 1452 inquit,
958 1396 1151 1454 efficient
1179 1399 1434 1440 monitiones
1462 1398 1664 1442 admotae

214 1465 426 1521 yram'bus
444 1467 573 1508 uitiis.
630 1465 698 1507 Ne
719 1466 910 1507 medicina
939 1466 1093 1521 quidem
1118 1466 1277 1507 morbos
1308 1465 1550 1507 insanabiles
1576 1468 1662 1509 uin-

220 1533 301 1574 cit:
347 1541 477 1575 tamen
513 1534 718 1575 adhibetur
752 1534 839 1575 aliis
864 1535 905 1575 in
923 1535 1164 1586 remedium,
1209 1534 1294 1575 aliis
1318 1534 1358 1574 in
1381 1533 1660 1577 leuamentum.

220 1599 288 1641 Ne
306 1601 390 1656 ipsa
422 1602 576 1656 quidem
610 1602 820 1643 uniuersae
851 1601 1117 1657 philosophiae
1145 1602 1231 1653 uis,
1277 1601 1370 1642 licet
1392 1608 1496 1643 totas
1521 1602 1562 1643 in
1588 1603 1662 1645 hoc

220 1668 327 1710 uires
367 1683 460 1710 suas
501 1670 691 1721 aduocet,
735 1669 871 1710 duram
911 1668 987 1709 iam
1020 1676 1060 1710 et
1088 1677 1263 1710 ueterem
1303 1668 1442 1709 animis
1480 1671 1663 1713 extrahet

221 1744 397 1792 pestem:
446 1738 516 1778 sed
551 1751 630 1778 uon
662 1737 750 1777 ideo
786 1736 882 1777 nihil
912 1743 1050 1788 sanat,
1097 1737 1187 1791 quia
1221 1750 1299 1777 non
1335 1736 1481 1777 omnia.

1547 1738 1664 1789 Quid

216 1804 428 1859 ywodest,
471 1805 621 1860 inquit,
665 1809 823 1859 operm
845 1805 1121 1847 monstraro?
1175 1803 1391 1845 Plurimum
1411 1821 1423 1845 ε
1467 1805 1660 1848 interdum

170 1889 205 1916 '25
222 1873 326 1914 euim
345 1873 491 1915 scimus
511 1886 585 1914 nec
604 1872 862 1913 adtendimus.

221 1941 283 1994 tit,
315 1942 386 1983 sed
409 1941 573 1994 excitat,
605 1941 674 1982 sed
694 1940 920 1982 memoriam
945 1940 1120 1982 continet
1138 1954 1211 1981 nec
1230 1938 1376 1996 patitur
1394 1940 1509 1982 elabi.

264 2030 320 2064 22.
346 2035 436 2065 Aut
469 2041 514 2065 tu
538 2032 608 2064 isto
638 2031 739 2064 modo
758 2046 801 2059 =
826 2030 918 2065 Ss.‘2[

220 2079 284 2115 52.
302 2095 348 2102 —-
368 2079 483 2115 24.ῢ.
552 2077 612 2108 BG
622 2076 681 2110 Pl.
695 2075 728 2110 3.
741 2075 773 2109 4.
799 2075 868 2108 Col.
883 2076 918 2110 {R

221 2124 283 2160 ΕΙ.
297 2138 342 2150 =
354 2126 426 2156 Aut
445 2124 492 2156 in
517 2123 587 2155 isto
608 2122 721 2154 modo.
769 2120 858 2153 RP2.
872 2136 918 2148 =

219 2170 293 2199 Aut
318 2169 460 2200 etium
482 2169 552 2201 isto
572 2167 684 2199 modo.
719 2167 918 2202 (Sto—{Dia

218 2226 264 2240 ==
285 2215 345 2244 Ac
378 2221 417 2245 tu
457 2214 528 2245 isto
560 2212 671 2245 modo.
721 2223 758 2255 pp
778 2226 824 2239 =
845 2213 918 2243 Aut

220 2258 370 2289 etiam
387 2257 441 2290 vel
462 2259 520 2290 At
544 2258 689 2290 etiam
714 2258 783 2289 islo
803 2256 916 2288 modo.

219 2302 371 2346 Plerique
392 2314 476 2334 rece.
499 2314 536 2345 pp
549 2300 651 2334 P1.3.
664 2299 743 2335 lhffl
756 2319 799 2325 --
819 2302 850 2335 Ξ
871 2315 916 2328 -·-

220 2348 373 2391 Quidni
395 2347 525 2380 habent
548 2347 663 2391 aegri.
701 2347 789 2388 B(cr.
805 2345 857 2389 ω)
871 2361 917 2374 ==

221 2405 265 2425 ne
290 2400 369 2425 aut
409 2405 424 2424 s
450 2392 520 2436 de]
543 2391 638 2425 cibos
659 2391 843 2436 adpetant.
887 2391 917 2423 G

223 2438 343 2482 (cnm)
364 2437 390 2471 P
415 2439 473 2472 ,θὶ
496 2457 540 2462 —-
559 2438 591 2472 z
610 2452 654 2465 =
675 2448 719 2468 ne
758 2445 841 2469 aut
863 2437 917 2469 de

220 2483 336 2518 cibis.
384 2484 529 2528 βιλοσφχ
543 2481 602 2526 P2.
629 2481 699 2514 Col.
723 2483 756 2516 {3
784 2486 818 2520 ἦ-
841 2494 917 2515 no-

220 2529 327 2562 xios
350 2529 455 2563 cibos.
493 2536 632 2563 π--ιιι
657 2527 710 2559 de
733 2527 841 2561 cibis
865 2540 918 2561 ne

221 2586 244 2607 n
257 2575 390 2608 oxios
413 2581 597 2621 appetant.
622 2572 716 2606 11=
729 2585 771 2605 ne
796 2586 818 2605 u
830 2582 843 2606 ι
864 2574 918 2606 de

220 2619 332 2654 cibis
355 2632 437 2666 app.
483 2616 543 2653 P3.
558 2618 717 2652 =cibis
741 2630 820 2664 app.
855 2615 914 2652 1²4.

220 2680 266 2693 =
278 2664 332 2698 cib
344 2678 363 2697 ο
387 2677 469 2711 app.

263 2709 319 2744 23.
344 2712 370 2743 B
384 2726 428 2739 =
446 2711 602 2744 Saniat
614 2735 623 2752 ‚
648 2709 772 2755 inquit.
820 2710 917 2753 γδηῴ

221 2771 265 2784 =
282 2756 435 2798 Tolle,
461 2757 597 2802 inquit,
621 2767 678 2790 αν.
726 2755 800 2796 t=
815 2755 887 2787 San
900 2767 918 2788 e

221 2810 236 2834 t
248 2813 268 2834 o
279 2802 345 2834 lle
355 2826 364 2842 ,
388 2802 504 2848 inquit
516 2826 526 2843 ,
550 2813 654 2834 avar.

266 2847 414 2880 divitem
426 2860 436 2880 .-
459 2847 639 2893 cupiditaa
649 2861 693 2875 -·-—-
705 2846 730 2878 B
741 2845 859 2890 (μαι).

922 1871 1018 1913 Νοιι
1039 1873 1156 1914 docet
1171 1871 1400 1924 admonitio,
1432 1873 1501 1914 sed
1522 1875 1661 1916 aduer-

1570 1941 1660 1984 Ple-

962 2032 1006 2063 sB
1018 2030 1078 2064 GR
1090 2031 1124 2066 θὶ
1133 2049 1179 2055 -
1189 2032 1223 2066 ἔ
1240 2034 1275 2069 -Ι-
1291 2030 1334 2062 εἰ
1355 2031 1545 2076 cupiditas.
1562 2032 1659 2066 Rece.

964 2087 1002 2120 pp
1016 2077 1092 2116 'li-ff-
1108 2075 1180 2110 sic,
1203 2075 1396 2122 cupiditas.
1442 2077 1477 2111 §R
1501 2096 1540 2102 —
1561 2079 1593 2112 ΣΞ
1613 2093 1659 2106 =

962 2123 1145 2167 utriusque
1163 2121 1290 2154 consid
1301 2133 1320 2152 e
1331 2132 1349 2151 r
1361 2129 1403 2153 et
1413 2133 1435 2153 u
1444 2133 1466 2153 r
1481 2122 1557 2165 (Sw.
1571 2123 1657 2155 male

962 2166 1076 2199 laudat
1099 2165 1342 2208 consideret).
1391 2167 1422 2198 G
1435 2167 1522 2210 (sm)
1546 2181 1592 2195 =
1613 2180 1657 2200 u-

962 2213 1121 2257 triusque
1139 2211 1164 2243 d
1174 2224 1192 2243 e
1202 2211 1305 2244 sidet.
1332 2212 1396 2242 Sw.
1409 2211 1553 2244 malebat
1571 2225 1658 2246 con-

963 2257 1092 2290 sedit
1112 2255 1166 2288 vel
1187 2254 1432 2289 consederit
1453 2256 1506 2290 vel
1529 2259 1657 2291 consi-

963 2302 1107 2335 derit.
1152 2303 1196 2334 At
1212 2313 1290 2333 mss.
1313 2299 1414 2333 etiam
1436 2303 1572 2335 ὅπως
1595 2315 1658 2337 nec

963 2358 1045 2391 opus
1068 2353 1120 2378 est
1150 2347 1234 2380 haec
1255 2345 1446 2379 emendatio
1472 2347 1603 2382 sublata
1625 2350 1660 2382 si

961 2391 1133 2436 particula.
1181 2393 1216 2427 θῖ
1232 2407 1277 2419 =
1293 2392 1418 2433 Quidn
1429 2393 1445 2425 i
1467 2394 1572 2426 aliud
1594 2402 1658 2428 ese.

962 2439 1019 2482 B(s
1027 2438 1078 2481 ω)
1091 2453 1137 2465 ==
1149 2437 1278 2470 adseri
1287 2445 1304 2469 t
1313 2445 1398 2471 tam.
1442 2439 1525 2471 R=
1537 2440 1660 2473 calcar

963 2496 982 2516 e
992 2495 1010 2515 s
1022 2496 1039 2515 s
1050 2497 1068 2516 e
1092 2491 1248 2516 remotts.
1377 2510 1381 2516 .

1006 2527 1062 2562 24.
1090 2529 1211 2563 Gffi—
1227 2529 1260 2563 ΞΒ
1279 2542 1326 2556 =
1347 2528 1443 2562 Nec
1464 2529 1546 2575 ipsa
1575 2530 1658 2575 qui-

963 2574 1053 2607 dem.
1101 2574 1130 2606 R
1141 2590 1186 2602 =
1198 2573 1344 2606 univers
1353 2585 1386 2607 a.

1009 2621 1091 2653 licet
1122 2628 1196 2652 toea
1209 2618 1388 2653 s=BG11
1417 2631 1519 2652 noun.
1541 2619 1594 2652 alii
1618 2631 1656 2663 ρρ

962 2665 1029 2698 Erl.
1055 2666 1095 2700 X.
1130 2664 1251 2710 probat
1279 2665 1385 2696 Ianus.
1454 2665 1484 2697 R
1503 2664 1606 2697 Herb.
1622 2665 1657 2700 ἃ

963 2730 1007 2735 -·
1019 2712 1052 2746 Ε
1065 2726 1110 2738 =
1124 2712 1206 2743 licet
1229 2718 1323 2743 tota.

1007 2755 1062 2789 25.
1089 2754 1196 2789 1³1.3.
1216 2769 1262 2784 =
1284 2754 1367 2788 Non
1389 2755 1503 2788 decet
1531 2756 1657 2789 admo-

964 2802 1063 2834 nitio.
1113 2802 1196 2834 G=
1212 2801 1275 2834 sed
1293 2811 1316 2832 a
1327 2801 1446 2833 vertit.
1484 2801 1516 2833 G
1529 2801 1588 2846 (cr.
1605 2801 1656 2845 ω)

963 2847 991 2879 R
1003 2847 1183 2891 γδΞλΠφψ
1197 2861 1243 2876 =
1260 2857 1324 2879 nec
1345 2845 1487 2892 patitur
1515 2859 1534 2880 r
1543 2859 1562 2880 e
1571 2846 1656 2881 labi.
