1742 3094
211 209 298 255 480
654 214 700 256 L.
729 215 926 257 ANNAEI
956 218 1186 259 SENECAE

163 332 197 359 ³³
213 322 396 380 Denique
419 331 463 367 ut
488 325 664 369 breuiter
689 328 757 370 tibi
788 330 993 372 formulam
1026 331 1221 383 scribam,
1265 331 1354 374 talis
1378 333 1530 376 animus
1555 347 1646 377 esse

209 393 396 448 sapientis
415 394 491 435 uiri
510 395 626 437 debet
650 397 775 451 qualis
799 397 914 438 deum
936 399 1086 440 deceat.
1149 397 1254 453 Quid
1274 407 1405 456 potest
1420 401 1644 444 desiderare

207 460 243 502 is
268 461 331 503 cui
356 462 485 504 omnia
516 462 680 505 honesta
705 465 968 520 contingunt?
1024 465 1130 508 Nam
1151 469 1186 508 si
1212 475 1376 524 possunt
1396 469 1540 524 aliquid
1562 484 1644 511 non

207 528 374 571 honesta
396 532 579 573 conferre
598 532 646 573 ad
673 533 858 587 optimum
875 540 1019 574 statum
1035 566 1047 586 ‚
1079 534 1120 576 in
1143 535 1203 577 his
1222 536 1299 577 erit
1318 536 1433 578 beata
1457 537 1537 578 uita
1556 537 1643 580 sine

207 597 346 652 quibus
369 612 448 639 non
467 605 543 640 est.
603 598 659 640 Et
679 600 767 654 quid
786 600 943 642 stultius
961 602 1162 656 turpiusue
1178 617 1291 658 quam
1307 603 1452 645 bonum
1471 605 1642 646 rationa-

206 665 255 706 lis
279 665 397 706 animi
415 680 469 707 ex
483 667 781 709 inrationalibus
799 670 989 710 nectere?
1047 668 1214 724 Quidam
1235 677 1366 712 tamen
1385 672 1519 727 augeri
1537 686 1643 713 sum-

204 747 308 774 mum
328 733 473 774 bonum
490 734 678 786 iudicant,
704 736 800 791 ‘quia
823 750 955 792 parum
980 737 1135 792 plenum
1158 737 1211 779 sit
1235 739 1404 780 fortuitis
1422 753 1643 795 repugnan-

154 810 189 837 34
207 800 324 842 tibus.
384 800 594 858 Antipater
628 817 780 858 quoque
809 804 915 846 inter
949 819 1113 860 magnos
1147 812 1280 847 sectae
1315 804 1429 848 huius
1459 813 1642 848 auctores

199 868 368 924 aliquid
392 883 439 911 se
461 869 652 912 tribucre
683 871 776 914 dicit
809 874 1001 915 extemis
1010 905 1026 926 ‚
1066 872 1144 915 sed
1169 874 1366 929 exiyavcm
1398 873 1640 916 admodum.

199 935 323 978 Uides
353 944 482 979 autem
513 939 628 993 quale
653 939 706 981 sit
727 940 811 982 sole
831 948 869 982 te
892 955 972 984 non
995 955 1084 984 esse
1110 948 1359 994 contentum,
1402 932 1479 983 nisi
1500 941 1639 996 aliquis

198 1004 394 1060 igniculus
427 1006 651 1048 adluxerit?
711 1006 827 1062 Quod
856 1016 985 1064 polest
1005 1009 1046 1050 in
1069 1009 1140 1050 hac
1173 1001 1348 1051 claritate
1370 1009 1464 1051 solis
1494 1009 1638 1051 habere

197 1073 364 1114 scintilla
387 1076 655 1116 momentum?
715 1073 761 1117 Si
785 1091 864 1117 non
890 1091 933 1118 es
956 1077 1041 1118 sola
1065 1077 1270 1118 honestate
1292 1084 1522 1128 contentus,
1568 1090 1638 1118 ne-

200 1154 315 1183 cesse
339 1148 401 1182 est
426 1149 492 1182 aut
513 1142 683 1197 quietem
704 1143 805 1185 adici
832 1144 931 1186 uelis
960 1159 1075 1200 quam
1097 1140 1302 1196 ἀοχλησίαν
1330 1151 1472 1185 uocant
1488 1142 1638 1186 vGraeci

150 1217 185 1245 ³5
202 1216 269 1250 aut
298 1209 551 1264 uoluptatem.
612 1210 766 1252 Horum
792 1212 957 1253 alterum
975 1220 1183 1267 utcumque
1204 1212 1327 1266 recipi
1342 1218 1496 1268 potest:
1525 1218 1638 1253 uacat

196 1277 299 1319 enim
324 1277 476 1318 animus
502 1278 684 1319 molestia
702 1279 803 1320 liber
823 1280 870 1320 ad
891 1280 1108 1335 inspectum
1131 1279 1308 1321 uniuersi
1331 1279 1503 1334 nihilque
1528 1279 1635 1321 illum

193 1351 334 1387 auocat
354 1359 376 1386 a
397 1346 722 1401 contemplatione
747 1354 934 1388 naturae:
980 1348 1146 1389 alterum
1169 1348 1262 1388 illud
1277 1379 1289 1399 ‚
1333 1347 1533 1401 uoluptas,
1564 1346 1636 1388 ho-

192 1428 285 1455 num
305 1414 461 1470 pecoris
485 1421 561 1455 est.
620 1413 826 1456 Adicimus
842 1415 1024 1457 rationali
1044 1415 1301 1466 inrationale,
1334 1415 1500 1456 honesto
1522 1414 1634 1456 inho-

193 1489 365 1524 nestum.
423 1480 574 1537 Magno
596 1482 715 1524 uitam
735 1483 829 1525 facit
848 1483 1016 1525 titillatio
1042 1484 1243 1540 corporis:
1286 1483 1377 1540 quid
1402 1496 1496 1538 ergo
1522 1481 1633 1523 dubi-

938 1597 1043 1618 cuum.
1079 1584 1518 1623 ffi—ffl.=dosinam.
1543 1583 1631 1616 unde

236 1580 270 1616 4.
294 1583 360 1619 1191
371 1602 417 1608 —
427 1584 461 1619 ὃ
473 1599 518 1613 =
528 1586 675 1631 coming
685 1598 708 1618 a
719 1597 741 1617 n
753 1593 779 1618 t.

935 1631 1057 1663 Matth.
1073 1631 1113 1663 ci.
1125 1646 1169 1659 =
1179 1628 1361 1674 ἦδοσῦνην.

237 1630 278 1662 in
300 1629 377 1661 luis
399 1630 626 1662 eriae=BGR
638 1631 757 1665 ’ὶῐξῖὶ-
773 1632 856 1666 (ΞΕ.

190 1674 236 1710 Ἡ
249 1693 289 1699 -·
305 1674 474 1710 Ἡοετίιι
497 1676 564 1708 iis
587 1677 668 1707 erit.
729 1687 796 1710 ε-
811 1678 891 1708 sine

190 1725 269 1752 ante
290 1717 426 1765 quibus.
472 1731 508 1754 ιπ
531 1719 606 1753 cod.
632 1721 736 1753 Gron.
758 1721 814 1756 {Ru
825 1722 889 1756 {mn

190 1780 236 1793 =
246 1778 297 1798 cu
308 1777 342 1797 m
367 1764 504 1812 quibus.
551 1765 698 1798 Sanctol.
714 1765 753 1798 ci.
771 1781 818 1796 =
841 1767 857 1798 i
865 1778 890 1799 n

189 1810 326 1856 quibus.
392 1811 509 1845 RI=
521 1808 662 1856 turpius
688 1812 888 1845 stultiusve.

189 1857 219 1892 Χ
230 1872 277 1884 =
289 1856 468 1890 itt-aliona
477 1856 498 1889 b
510 1857 523 1888 i
533 1856 636 1889 libus.

234 1912 267 1945 5.
292 1912 338 1945 sR
361 1917 395 1951 -Ι-
417 1922 561 1947 autores
587 1925 718 1946 unus.
790 1915 823 1949 ἔ
840 1929 885 1942 =

188 1957 344 1991 tribuere
368 1959 408 1991 di
417 1971 441 1992 x
451 1959 481 1992 ie
502 1965 619 1991 contra
634 1965 738 1992 mstos
752 1965 787 1991 et
801 1965 883 2005 vett.

188 2003 309 2082 edgole
339 2057 376 2082 te
408 2061 479 2082 non
511 2065 556 2078 =
583 2049 628 2082 sR
651 2048 823 2084 ειοπσΡῖ.
848 2047 881 2083 3.

189 2094 290 2138 (ωτι.)
307 2095 395 2127 Pinc.
411 2107 462 2127 ex.
476 2094 618 2127 domest.
633 2094 708 2127 cod.
724 2094 859 2127 Dalech.
907 2130 910 2131 ⁷

185 2140 230 2173 QX
252 2155 298 2168 =
317 2141 391 2172 sole
423 2152 491 2172 non
514 2151 579 2172 om.
602 2148 647 2173 te.
694 2141 720 2172 B
738 2155 784 2168 =
806 2143 883 2171 Ze-

186 2195 240 2216 no
253 2195 277 2216 n
311 2196 391 2217 esse
420 2193 500 2217 com
513 2194 669 2217 emtum.
717 2185 816 2219 xP4.
836 2200 882 2213 =

187 2241 208 2262 s
219 2241 239 2262 e
261 2241 343 2262 non.
376 2229 624 2274 ῦαβγδὲτφΡΙ.
637 2228 670 2263 3.
686 2229 793 2274 (p.m.)
808 2229 879 2262 Col.

183 2274 218 2309 θῖ
229 2275 346 2312 -Εξί,
357 2289 404 2303 =
413 2287 432 2306 e
441 2282 457 2306 t
479 2283 514 2306 te
537 2286 617 2307 non.
653 2274 792 2319 RlP·¹¹¹·)
805 2274 878 2307 rell.

183 2330 222 2362 ρρ
232 2320 260 2354 X
270 2334 315 2347 =
326 2328 362 2352 te
383 2331 453 2352 non
477 2331 542 2352 om.
567 2319 651 2352 sole.
702 2321 729 2353 (ξ
740 2323 775 2356 2,
787 2337 833 2344 -—-
843 2321 877 2355 6

181 2379 228 2394 =
238 2365 263 2397 d
271 2365 287 2397 i
293 2377 313 2397 e
336 2377 416 2397 non.
487 2375 581 2407 αηκπ
593 2379 638 2392 =
652 2364 665 2396 i
675 2363 713 2396 ll
722 2364 850 2395 uxerit.

227 2407 411 2455 ἀοχλησίαν
421 2424 469 2438 =
481 2411 530 2445 &.
598 2409 658 2441 BG
680 2408 728 2452 (in
755 2408 875 2441 litteris

181 2455 371 2500 depravatis
399 2454 498 2488 facile
525 2453 716 2497 agnoscitur
735 2465 772 2486 ea
794 2453 872 2497 vox)

179 2503 315 2546 εβιυχψ
335 2507 401 2534 vet.
426 2499 502 2533 cod.
521 2499 630 2531 Cuiac.
644 2514 689 2526 =
705 2501 873 2543 αοχλησιν.

178 2547 207 2578 R
222 2545 322 2590 (ωτι.)
344 2545 432 2580 λΡ3.
447 2546 486 2589 (s.
496 2545 555 2588 m.)
574 2559 619 2573 =
637 2541 793 2590 ἡσυχίαν.
821 2546 875 2588 (ex

177 2591 311 2635 reliquis
334 2591 426 2624 libris
440 2591 535 2623 Grut.
551 2589 632 2622 nihil
651 2596 783 2633 poterat
796 2601 874 2621 eru-

177 2636 259 2679 ere.)
286 2637 383 2671 {DZ—
395 2637 459 2671 §Ra
478 2651 525 2664 =
545 2635 767 2678 hesychium.
812 2637 874 2678 γδε

179 2681 269 2724 Cim?
278 2697 324 2710 =
334 2681 481 2724 δοξιησιν
493 2687 551 2715 aut
567 2679 723 2721 δοξιασιν.
765 2681 804 2712 In
816 2691 874 2712 re·-

176 2725 273 2770 liquis
284 2738 321 2769 ρρ
331 2726 517 2760 litterarum
542 2725 658 2760 ductus
678 2736 747 2758 non
767 2724 873 2758 exn-i-

177 2771 346 2807 mbantur.
369 2773 520 2813 mssussr‘z.
532 2790 576 2796 —
586 2773 620 2807 Θ
628 2767 852 2813 ππαυσολῆν
864 2782 870 2801 ;

173 2816 262 2850 idem
274 2823 331 2851 aut
344 2815 466 2861 σχολὴν
478 2817 512 2851 in
522 2815 614 2849 libris
626 2815 692 2852 suis
703 2815 771 2858 legi
780 2817 870 2848 Erm.

172 2861 403 2896 arbitrabatur.

980 1684 1013 1719 6.
1047 1688 1097 1720 ad
1129 1688 1340 1732 inspectum
1361 1700 1407 1713 =
1426 1685 1486 1717 BG
1500 1684 1576 1728 (lit.)
1598 1685 1628 1718 R

936 1731 1007 1764 sere
1029 1744 1142 1770 omnes
1154 1744 1192 1775 ρρ
1205 1731 1263 1764 P2.
1279 1730 1350 1764 col.
1373 1729 1463 1762 Pinc.
1487 1742 1517 1762 v.
1528 1729 1551 1761 l.
1564 1731 1626 1762 Sac

935 1777 977 1812 Ἡ.
1045 1776 1106 1810 Pl.
1119 1777 1153 1810 3.
1167 1778 1201 1810 4.
1218 1777 1384 1811 {Ji—⁵310
1396 1775 1503 1807 =ud
1523 1787 1626 1808 con-

935 1831 1123 1900 mmm-,2
1135 1821 1458 1911 3:52032172255
1471 1821 1627 1898 P-“ssa‘a

932 1881 1298 2002 {airkni-13²·
1320 1911 1624 2002 cefff-{3233

930 2005 1042 2037 vitam
1065 2003 1177 2047 facit.
1225 2014 1246 2036 σ
1264 2017 1309 2031 =
1331 2003 1523 2047 Magnum
1557 2001 1623 2033 vi-

930 2062 980 2081 ru
992 2062 1025 2082 m
1038 2049 1151 2094 facit.
1197 2046 1255 2081 124.
1268 2063 1316 2076 =
1327 2048 1528 2082 Adiicimus
1558 2058 1623 2078 ru·-

929 2095 1064 2127 tionale
1083 2094 1295 2129 irrationali
1312 2094 1481 2138 corporis.
1528 2091 1623 2133 Quid

929 2153 1026 2185 crgo.
1059 2139 1130 2172 rell.
1153 2150 1220 2171 om.
1254 2138 1298 2172 ἢκ
1314 2154 1363 2164 σ-
1383 2138 1446 2171 ffita
1467 2151 1512 2164 ===
1532 2137 1620 2168 Ma-

926 2196 1063 2230 gnum
1089 2185 1199 2217 vicum
1214 2181 1313 2225 faeie
1335 2193 1375 2214 ex
1396 2181 1435 2214 ci.
1458 2182 1547 2213 Mur.
1584 2182 1619 2216 ἕ

925 2229 1196 2272 ==[.Magnam
1223 2226 1530 2272 voluptatem]
1546 2224 1619 2270 sa-

924 2275 984 2306 cit.
1026 2275 1125 2306 Putat
1146 2275 1208 2304 Sw.
1233 2273 1345 2305 vitam
1364 2277 1474 2303 ortum
1491 2283 1533 2303 ex
1552 2282 1619 2304 vo·-

924 2318 1041 2352 cabulo
1059 2319 1270 2362 voluptatem
1283 2315 1518 2360 compendiose
1532 2316 1617 2349 scri-

922 2370 1003 2407 pto:
1042 2370 1076 2395 at
1097 2363 1198 2407 ipsius
1221 2361 1296 2394 cod.
1319 2373 1340 2393 a
1358 2367 1493 2405 superat
1520 2367 1618 2393 aeta·—

919 2415 989 2441 tem
1008 2420 1091 2448 eam,
1117 2420 1180 2452 qua
1200 2406 1323 2440 librarii
1342 2405 1545 2449 compendiis
1568 2405 1616 2438 uti

920 2454 1073 2486 solebant
1093 2460 1127 2486 et
1145 2453 1248 2486 habet
1261 2453 1379 2485 sitam.
1410 2450 1540 2484 Deinde
1550 2452 1613 2483 Sw.

920 2499 1105 2542 suspicatur
1117 2501 1276 2531 Senecam
1288 2495 1459 2540 scripsisse
1478 2495 1512 2528 in
1526 2495 1615 2528 hunc

920 2545 993 2576 fere
1013 2543 1167 2576 modum:
1203 2543 1387 2575 honestum
1414 2540 1611 2580 inhonesto,

920 2601 1052 2635 magno
1073 2589 1185 2621 vile.
1215 2587 1526 2632 Voluptatem
1539 2584 1611 2629 fa·-

919 2636 980 2667 cit.
1027 2636 1098 2667 Iam
1122 2633 1209 2666 enim
1228 2634 1317 2665 Erm-
1339 2636 1514 2675 putaverat
1559 2636 1612 2662 ost

919 2692 1050 2724 magno
1074 2678 1232 2711 excidisse
1261 2676 1451 2722 pusillum:
1487 2686 1502 2706 s
1575 2681 1611 2707 et

918 2725 1086 2768 vulgatam
1107 2723 1187 2756 ferri
1210 2733 1318 2766 posse,
1333 2720 1363 2752 si
1381 2731 1535 2764 mugnus
1548 2731 1609 2752 ac·

918 2770 1083 2813 ciperetur
1111 2780 1173 2813 pro
1209 2767 1368 2812 sapiente
1395 2771 1431 2796 et
1460 2764 1607 2798 interro-

916 2815 1058 2859 gationis
1086 2813 1201 2846 notula
1232 2816 1421 2855 poneretur.
1470 2811 1610 2855 Magno

475 2863 503 2897 x
523 2861 626 2897 habet
648 2859 791 2906 spatium
809 2872 872 2894 va·—
909 2859 1040 2906 Jizcere
1057 2870 1128 2893 non
1146 2864 1209 2900 aet,
1234 2862 1272 2890 ut
1287 2855 1385 2897 solet,
1401 2866 1532 2902 magno
1546 2866 1605 2888 seu
