1742 3094
178 187 258 232 124
624 188 669 229 L.
700 188 900 230 ANNAEI
930 189 1159 230 SENECAE

175 300 271 343 mihi
291 301 366 342 hoc
388 300 539 342 dixisse
563 301 718 343 uidetur
734 300 948 357 Epicurus.
1006 301 1112 344 Nam
1140 302 1206 358 qui
1238 317 1403 358 peccare
1424 317 1468 346 se
1487 305 1616 346 nescit

175 369 322 424 corrigi
354 383 435 410 non
464 369 568 410 uult:
602 370 871 426 deprehendas
901 377 941 411 te
966 377 1143 426 oportet,
1175 378 1382 426 antequam
1409 373 1610 414 emendes.

175 436 345 491 Quidam
370 436 478 478 uitiis
498 437 729 492 gloriantur.
792 437 858 479 Tu
882 438 1086 479 existimas
1109 439 1253 494 aliquid
1277 441 1325 481 de
1346 441 1522 482 remedio
1546 455 1613 484 co.-

175 505 301 560 gitare
330 505 396 560 qui
426 506 529 546 mala
563 520 635 546 sua
667 505 855 547 uirtutum
886 506 974 547 loco
1007 510 1242 550 numerant?
1299 506 1396 550 Ideo
1428 515 1613 564 quantum

174 579 286 628 potes
299 604 311 625 ‚
342 579 382 614 te
403 573 488 627 ipse
508 587 679 629 coargue
692 605 703 625 ‚
735 573 890 629 inquire
910 574 952 615 in
972 581 1035 616 te:
1068 575 1311 618 accusatoris
1337 576 1504 631 primum
1524 591 1614 633 par-

173 640 277 683 tibus
297 641 476 696 fungere,
509 641 651 683 deinde
671 642 828 694 iudicis,
860 642 1077 684 nouissime
1097 643 1378 698 deprecatoris.
1410 645 1615 700 aliquando

173 713 213 750 te
241 709 413 752 offende.
471 707 587 752 Uale.

581 856 920 901 EPISTULA
949 858 1068 902 VIII.
1101 859 1213 916 (29.)

542 935 699 979 SENECA
738 936 904 980 Lucmo
945 953 1019 981 sno
1060 954 1250 982 SALUTEM.

287 1026 351 1069 De
370 1026 605 1069 Marcellino
627 1035 764 1070 nostro
786 1029 942 1083 quaeris
964 1037 1003 1070 et
1026 1031 1087 1071 uis
1111 1031 1214 1072 scire
1235 1031 1326 1086 quid
1352 1037 1456 1087 agat.
1503 1029 1614 1072 Raro

173 1095 222 1137 ad
249 1110 322 1137 nos
349 1093 481 1149 uenit,
514 1111 594 1137 non
624 1096 703 1137 ulla
731 1096 808 1137 alia
836 1111 890 1138 ex
915 1111 1035 1139 causa
1057 1113 1171 1153 quam
1191 1099 1293 1153 quod
1314 1099 1452 1140 audire
1476 1113 1614 1140 uerum

172 1164 307 1216 timet,
341 1178 364 1205 a
389 1179 464 1220 quo
487 1164 661 1221 periculo
692 1164 771 1206 iam
803 1165 941 1206 abest:
977 1166 1072 1207 nulli
1110 1166 1215 1207 enim
1244 1166 1322 1207 nisi
1342 1159 1533 1207 ‘audituro
1557 1166 1615 1208 ‹li-

174 1232 340 1274 cendum
379 1239 454 1273 est.
534 1230 630 1273 Ideo
663 1232 710 1273 de
741 1230 925 1288 Diogene
963 1246 1037 1274 nec
1070 1233 1200 1274 minus
1234 1234 1283 1274 de
1309 1233 1397 1275 aliis
1431 1231 1611 1290 Cynicis,

173 1300 239 1356 qui
257 1299 440 1341 lihertate
462 1300 684 1355 promiscua
707 1299 769 1340 usi
800 1307 892 1341 sunt
919 1307 959 1341 et
986 1300 1123 1342 obuios
1150 1308 1410 1354 monuerunt,
1446 1302 1614 1344 dubitari

172 1367 275 1410 solet
295 1381 346 1408 an
366 1368 441 1408 hoc
471 1369 603 1409 facere
634 1367 854 1410 debuerint.
918 1367 1023 1423 Quid
1046 1369 1174 1422 enim,
1207 1369 1243 1410 si
1267 1369 1352 1424 quis
1373 1371 1515 1411 surdos
1542 1370 1611 1411 ob-

172 1436 303 1491 iurget
323 1443 391 1477 aut
410 1442 552 1477 natura
573 1436 762 1477 morboue
778 1443 906 1478 mutos
918 1438 937 1477 ⁴?
996 1434 1130 1490 Quare
1145 1468 1157 1489 ‚
1190 1437 1319 1492 inquis
1331 1470 1342 1490 ‚
1374 1438 1508 1479 uerbis
1525 1453 1613 1495 par-

174 1506 284 1545 cam?
326 1504 497 1559 gratuita
527 1511 632 1544 sunt.
694 1518 775 1545 non
799 1518 959 1559 possum
997 1505 1101 1546 scire
1133 1519 1183 1546 an
1219 1505 1256 1546 ei
1279 1507 1505 1560 profuturus
1540 1506 1614 1548 sim

173 1585 286 1626 quem
309 1572 525 1612 admoneo:
555 1571 650 1612 illud
682 1571 766 1612 scio
789 1571 905 1612 alicui
929 1586 992 1612 me
1023 1574 1289 1627 profuturum,
1313 1574 1358 1615 'si
1380 1575 1522 1615 multos
1548 1575 1615 1615 ad-

141 1662 159 1690 2
176 1653 382 1680 monuero.
443 1639 662 1693 spargenda
692 1652 830 1680 manus
860 1646 943 1679 est:
984 1654 1065 1680 non
1095 1646 1225 1694 potest
1259 1640 1347 1681 fieri
1373 1648 1418 1682 ut
1439 1656 1519 1682 non
1544 1641 1614 1682 ali-

173 1707 327 1762 quando
359 1707 546 1748 succedat
580 1706 702 1747 multa
731 1706 950 1762 temptanti.
1011 1706 1125 1759 Hoc,
1157 1707 1210 1747 mi
1231 1705 1387 1761 Lucili,
1419 1723 1499 1750 non
1529 1710 1615 1751 exi-

174 1775 290 1816 stimo
315 1789 458 1831 magno
484 1774 572 1816 uiro
594 1774 837 1816 faciendum:
871 1774 1030 1816 diluitur
1054 1774 1138 1816 eius
1162 1775 1375 1818 auctoritas
1397 1790 1472 1818 nec
1498 1777 1616 1819 habet

218 1886 250 1921 7.
278 1887 376 1921 Nam
387 1888 615 1934 quipeccare.
639 1899 658 1920 r
668 1905 709 1916 —
720 1886 828 1921 Nam.

219 1934 250 1966 R
259 1949 306 1962 =
319 1935 374 1966 Tu
391 1933 502 1967 existi
511 1946 546 1966 m
556 1946 575 1966 e
587 1946 617 1966 s.

220 1980 246 2011 B
257 1994 303 2007 =
313 1979 368 2012 ali
378 1991 399 2025 q
410 1991 433 2011 u
443 1991 464 2011 ο
472 1990 491 2011 s
514 1979 561 2012 de
579 1977 747 2011 remedio.
803 1990 872 2023 p=

175 2026 332 2058 remedio
355 2037 374 2057 c
385 2037 404 2057 ο
415 2037 442 2070 g
452 2025 533 2058 ita.

220 2082 242 2113 p
253 2086 299 2098 ==
314 2071 486 2102 virtutum
511 2070 587 2102 loco
616 2081 640 2102 n
651 2082 674 2101 ιι
686 2081 719 2101 m
731 2069 747 2101 i
757 2080 779 2101 n
789 2082 814 2102 a
826 2081 872 2101 n-

175 2124 190 2147 t
200 2128 223 2147 u
233 2127 264 2147 r.
287 2115 354 2150 Rffi
363 2133 409 2139 —
422 2116 467 2151 OEtl
476 2137 486 2149 .
496 2114 598 2146 verba
614 2116 667 2146 Tu
685 2115 875 2147 existimas

173 2178 220 2184 -
229 2161 391 2205 cogitare
401 2159 570 2191 collocant
580 2165 660 2202 post
671 2167 870 2191 numerant.

174 2205 303 2238 Ibidem
326 2205 515 2249 αβγεζιλμπ
540 2210 698 2247 repetunt
720 2204 873 2247 Quidum

174 2250 276 2283 viciis
296 2250 515 2296 gloriantur.

220 2294 283 2331 (ξῖ.
295 2295 500 2329 —fflt=te
523 2293 688 2339 ipsum.

220 2352 384 2384 coargue.
421 2351 444 2383 p
454 2354 500 2367 =
513 2351 639 2384 argue.
676 2339 770 2383 G(n.)
786 2339 815 2371 R
830 2343 865 2378 -l-

175 2399 194 2419 e
202 2394 216 2419 t
239 2386 393 2430 inquire.
428 2384 521 2417 Pinc.
539 2389 574 2423 —l—
589 2384 732 2429 inquire
764 2393 779 2416 t
790 2397 809 2417 e
831 2385 871 2417 in

175 2441 222 2465 te.
260 2442 342 2463 unus
373 2436 473 2474 atque
502 2429 587 2462 alter
619 2431 677 2462 Gr.
691 2445 736 2458 =
748 2430 870 2474 inqui-

174 2490 194 2510 ι·
205 2489 224 2509 e
234 2489 255 2509 r
265 2489 286 2510 e
309 2476 348 2508 in
368 2483 403 2508 te
413 2499 424 2516 ‚
457 2474 548 2518 quod
581 2474 683 2507 etiam
715 2474 751 2507 in
778 2475 869 2508 Pinc.

174 2521 267 2555 libris
290 2521 393 2554 fuisse
416 2519 644 2564 suspicabatur
669 2520 764 2553 Grut.

303 2600 380 2634 Lib.
404 2600 463 2632 111.
510 2600 574 2644 Ep.
597 2598 630 2633 8.
658 2596 740 2643 (29.)

220 2657 396 2703 p=quid
419 2664 611 2702 agatur.

221 2715 292 2736 non
315 2702 392 2735 ulla
411 2701 488 2735 alia
520 2701 566 2734 de
588 2702 872 2734 causa=ATRr

175 2748 407 2792 Bppopsfflfft.
476 2747 574 2782 (33:98
594 2762 639 2775 =
663 2757 791 2780 nonna
801 2746 873 2779 lla

174 2801 239 2827 etc.
263 2792 430 2837 w(PpEV)
447 2793 475 2828 (ξ
489 2795 522 2830 1.
543 2808 590 2817 -·
610 2792 645 2827 ῢ
662 2806 709 2821 =
730 2791 873 2825 nulla

175 2839 253 2872 alia
276 2845 339 2871 etc.

963 1900 986 1933 q
997 1900 1020 1920 u
1031 1901 1050 1922 ο
1062 1888 1086 1920 d
1110 1888 1241 1920 audire
1270 1900 1393 1921 verum
1402 1904 1449 1918 =
1457 1890 1617 1933 PpAwTr

918 1933 1021 1976 Arg.b
1031 1932 1089 1966 P2.
1103 1932 1137 1967 3.
1148 1931 1181 1966 4.
1197 1933 1268 1966 Col.
1279 1934 1314 1968 θὶ
1324 1935 1462 1971 -Βῢ,
1509 1935 1613 1979 Gnffl

918 1979 992 2022 EV)
1006 1979 1213 2016 'Kssle-fflla
1223 1994 1267 2007 =
1277 1991 1300 2024 q
1310 1979 1389 2013 uia
1408 1979 1492 2014 aud.
1506 1991 1539 2013 ν.
1553 1978 1612 2013 Ρ1.

917 2040 963 2052 =
974 2037 995 2069 q
1005 2036 1028 2056 u
1038 2036 1062 2056 a
1071 2036 1106 2056 m
1129 2024 1211 2058 aud.
1238 2036 1271 2058 ν.

963 2070 1038 2102 nisi
1057 2069 1237 2109 audjturo.
1265 2070 1457 2115 ὓαβικυηιπ
1465 2068 1523 2103 Ρ1.
1534 2069 1566 2102 2.
1579 2069 1612 2103 3.

917 2113 950 2147 4.
965 2129 1011 2142 =
1030 2114 1104 2145 nisi
1132 2114 1364 2146 auditori.
1390 2115 1459 2147 vid.
1483 2115 1525 2146 ad
1549 2116 1610 2157 Ep.

920 2158 973 2199 11,
984 2156 1017 2190 6.
1029 2157 1084 2190 ubi
1103 2169 1180 2190 mss.
1201 2158 1327 2202 pariter
1343 2158 1504 2192 fluctuant
1526 2158 1613 2191 inter

915 2203 1096 2249 peccatori
1115 2209 1150 2235 et
1165 2203 1377 2248 peccaturis.

963 2248 1082 2282 obvios
1100 2257 1318 2281 monuerunt.
1351 2251 1439 2286 651.
1450 2269 1493 2274 —
1502 2249 1607 2286 {ma-l-

916 2306 939 2339 q
948 2306 970 2326 u
980 2305 1000 2325 ο
1010 2305 1029 2325 s
1041 2305 1062 2337 q
1073 2305 1095 2325 u
1107 2306 1126 2325 e
1148 2293 1267 2326 obvios
1288 2305 1380 2328 mon.
1402 2294 1489 2327 Rell.
1511 2293 1612 2327 etiam

919 2340 976 2371 Gr.
989 2341 1067 2382 Ops.
1085 2351 1135 2370 ω.

960 2385 986 2416 Ρ
997 2395 1101 2416 =an
1123 2384 1146 2416 Ιι
1158 2396 1182 2416 a
1195 2397 1243 2417 ec
1257 2383 1399 2428 facere.

961 2437 1025 2462 aut
1046 2438 1189 2462 natura.
1215 2431 1272 2466 24.
1283 2446 1330 2459 =
1341 2442 1363 2462 a
1374 2442 1398 2463 n
1422 2438 1565 2463 natura.

963 2474 1082 2508 morbo
1087 2487 1126 2507 ve
1158 2484 1283 2509 mutos.
1326 2476 1356 2510 21
1366 2494 1412 2501 —
1423 2488 1477 2510 ve.
1525 2476 1556 2507 G
1567 2490 1612 2504 ==

918 2520 1035 2553 morbo
1058 2532 1143 2553 ven
1157 2529 1306 2554 ustos.

961 2565 1194 2644 2²33&
1203 2574 1219 2600 ‘
1229 2577 1345 2644 ’κεῖ
1360 2567 1532 2644 2220...

962 2623 1083 2700 R(soe3
1095 2624 1300 2702 =prgfec
1310 2663 1326 2688 ε
1337 2667 1420 2689 utu
1431 2667 1466 2688 m
1489 2634 1579 2688 eece.

963 2700 996 2734 2.
1021 2702 1218 2746 aliquando
1250 2700 1428 2734 succedat.
1471 2703 1551 2743 ηῐιιζ
1565 2716 1611 2728 =

919 2758 943 2779 α
951 2746 967 2778 l
975 2747 990 2779 i
999 2759 1020 2791 q
1028 2759 1052 2780 u
1063 2747 1110 2779 id
1128 2746 1306 2780 succedat.
1330 2745 1433 2789 Arg-b
1444 2760 1490 2774 =
1501 2746 1613 2778 multa

919 2791 1166 2826 succedant.
1212 2801 1383 2824 r==non
1401 2790 1507 2824 habet
1518 2791 1615 2837 apud

919 2848 989 2870 eos.
