1742 3094
163 223 218 270 24
615 225 659 266 1..
690 225 888 266 ANNAm
919 225 1149 279 SENECAE

165 344 330 380 eneruat
358 341 398 379 et
426 337 563 379 mollit.
614 338 768 380 uicinus
801 339 911 380 diues
942 338 1189 394 cupiditatem
1217 338 1379 380 inritat.
1416 338 1608 395 malignus

166 419 299 447 comes
330 405 507 460 quamuis
537 406 700 447 candido
731 413 771 447 et
800 406 965 462 simplici
993 406 1213 461 rubiginem
1252 420 1362 447 suam
1401 406 1607 447 adfricuit:

166 473 257 528 quid
281 481 324 514 tu
348 473 528 515 accidere
560 473 621 514 his
650 474 825 515 moribus
858 473 1009 525 credis,
1040 474 1081 514 in
1103 488 1200 528 quos
1223 473 1375 529 publice
1399 474 1524 515 factus
1550 481 1612 515 est

166 541 346 596 inpetus?
374 540 556 582 Necesse
578 548 639 582 est
657 548 724 582 aut
742 541 931 592 imiteris,
965 547 1032 582 aut
1052 541 1198 582 oderis.
1245 539 1461 596 Utrumque
1481 547 1610 582 autem

166 608 415 650 deuitandum
440 616 525 650 est:
557 623 659 650 neue
682 609 820 650 similis
847 609 958 650 malis
984 608 1054 649 fias
1069 641 1080 660 ,
1113 608 1203 663 quia
1224 608 1334 649 multi
1359 615 1475 660 sunt,
1508 622 1610 650 neue

133 691 149 717 7
166 675 348 717 inimicus
368 677 522 728 multis,
555 677 644 731 quia
665 676 874 717 dissimiles
895 683 1004 717 sunt.
1049 675 1210 717 Recede
1231 675 1272 717 in
1293 682 1333 716 te
1353 676 1463 731 ipse,
1489 690 1610 731 quan-

165 749 247 784 tum
268 750 395 799 potes.
440 758 528 784 cum
552 744 611 785 his
630 758 809 795 uersare,
842 743 907 798 qui
930 750 969 784 te
991 744 1194 784 meliorem
1212 744 1351 784 facturi
1371 749 1479 785 sunt.
1521 743 1610 784 illos

165 810 349 862 admitte,
381 825 480 865 quos
509 818 552 852 tu
581 818 692 867 potes
722 812 852 852 facere
882 811 1083 866 meliores.
1143 809 1286 851 Mutuo
1313 811 1390 852 ista
1418 811 1539 862 fiunt,
1572 818 1612 851 et

165 877 367 930 homines,
400 879 490 919 dum
520 879 685 929 docent,
718 878 887 919 discunt.
947 876 1044 918 Non
1070 884 1131 917 est
1154 877 1256 931 quod
1278 884 1318 919 te
1341 877 1466 932 gloria
1487 877 1611 932 publi-

166 945 278 985 candi
301 945 452 1001 ingenii
471 947 659 1001 producat
677 945 718 986 in
740 945 909 986 medium
923 977 934 996 ,
966 951 1010 985 ut
1028 944 1197 985 recitare
1217 944 1304 985 istis
1324 944 1423 986 uelis
1445 952 1512 989 aut
1532 945 1610 986 dis-

164 1019 330 1066 putare:
363 1014 465 1068 quod
494 1014 625 1054 facere
654 1019 694 1053 te
723 1013 889 1063 uellem,
923 1012 957 1053 si
984 1011 1150 1052 haberes
1174 1011 1240 1052 isti
1265 1012 1406 1067 populo
1431 1004 1610 1053 idoneam

131 1091 149 1118 e
165 1092 353 1120 mercem.
391 1079 523 1122 Nemo
550 1087 627 1131 est,
659 1079 724 1134 qui
744 1079 973 1134 intellegere
994 1086 1034 1119 te
1055 1079 1194 1134 possit.
1241 1077 1399 1134 Aliquis
1424 1080 1608 1131 fortasse,

165 1160 265 1187 unus
292 1154 359 1188 aut
385 1148 484 1188 alter
514 1147 681 1188 incidet:
715 1154 755 1188 et
778 1147 840 1187 hic
862 1146 948 1201 ipse
967 1146 1192 1187 formandus
1213 1146 1284 1186 tibi
1306 1146 1383 1187 erit
1403 1146 1610 1188 instituen-

164 1214 314 1268 dusque
335 1215 383 1255 ad
403 1214 642 1256 intellectum
664 1215 735 1255 tui.
797 1211 875 1255 Cui
899 1227 996 1268 ergo
1018 1213 1094 1254 ista
1117 1213 1259 1254 didici?
1297 1212 1394 1255 Non
1420 1220 1482 1255 est
1508 1214 1610 1269 quod

164 1281 303 1323 timeas
324 1296 374 1323 ne
396 1296 555 1338 operam
575 1281 819 1338 perdideris,
851 1280 886 1322 si
906 1280 978 1321 tibi
1004 1280 1187 1322 didicisti.

279 1347 361 1390 Sed
383 1363 434 1390 ne
454 1350 530 1390 soli
547 1349 642 1390 mihi
662 1349 778 1390 hodie
797 1348 1020 1399 didicerim,
1052 1348 1347 1389 communicabo
1363 1355 1494 1390 tecum
1511 1362 1611 1403 quac

163 1423 423 1457 occurrerunt
444 1416 539 1457 mihi
562 1416 723 1472 egregie
750 1415 852 1456 dicta
872 1415 978 1455 circa
999 1415 1176 1456 eumdem
1204 1416 1288 1456 fere
1317 1429 1479 1458 sensum
1504 1416 1606 1456 tria:

163 1497 216 1524 ex
236 1482 375 1538 quibus
399 1498 519 1525 unum
539 1485 636 1525 haec
659 1482 825 1540 epistula
844 1482 885 1523 in
906 1482 1077 1523 debitum
1095 1482 1245 1534 soluet,
1279 1483 1354 1525 duo
1372 1483 1414 1524 in
1431 1490 1610 1525 anteces-

206 1595 321 1628 mollit
331 1609 378 1625 ε
392 1597 449 1628 PA
460 1595 514 1628 ΕΒ
527 1598 605 1639 Arg.
617 1593 649 1628 b.
675 1596 705 1630 21
715 1595 802 1630 θὶ-
812 1595 860 1629 ffi-

161 1641 191 1675 Θ
207 1644 238 1678 l
255 1658 302 1666 -
320 1642 384 1676 Ἦῖα
402 1654 450 1669 ·=-·
469 1641 616 1674 emollit.

207 1708 322 1729 comes
364 1697 514 1729 uamvis.
557 1696 686 1729 Billico
696 1695 806 1739 pergit
818 1694 861 1727 ad

162 1741 229 1793 Ep..
252 1741 313 1781 13,
361 1740 394 1773 2.
451 1741 584 1775 certius
606 1750 676 1774 εισι
711 1741 772 1773 sed
806 1739 863 1772 hic

163 1785 284 1819 omissa
303 1786 426 1830 repetit
445 1794 525 1830 post
546 1788 610 1831 Ep.
633 1783 690 1819 41.

208 1843 267 1875 his
288 1841 454 1875 monbus.
497 1843 543 1877 ‘m
566 1861 611 1866 —-
630 1843 652 1877 2
671 1842 723 1882 ΞΠ
745 1846 862 1874 contra

163 1888 309 1920 omnium
325 1887 486 1920 librorum
503 1899 581 1919 mss.
601 1886 701 1919 fidem
718 1904 765 1912 --
784 1897 860 1918 mo·-

951 1596 978 1626 B
998 1597 1076 1638 Arg.
1088 1594 1110 1627 b
1126 1597 1199 1635 ζε
1221 1595 1379 1628 recitare
1398 1595 1414 1628 i
1425 1606 1445 1628 ε
1457 1603 1472 1628 t
1484 1606 1519 1628 a.

952 1662 1099 1683 mercem
1110 1663 1157 1678 ==
1166 1651 1218 1682 ΡΑ
1223 1650 1395 1686 REVeva
1413 1651 1516 1684 Pr.bd
1527 1653 1606 1695 Ops.

906 1707 951 1727 m.
974 1694 1042 1728 1³3.
1066 1706 1127 1728 ms.
1154 1696 1610 1741 (ἱτοη.’1ί.βγζδοθῖ-·

907 1742 940 1775 §B
959 1755 1005 1768 =
1029 1741 1235 1773 mercedem.
1287 1752 1325 1775 οτ
1351 1746 1386 1779 —l-
1415 1741 1610 1774 mercedem

908 1786 988 1818 vel
1017 1793 1228 1817 mentem.
1297 1786 1438 1819 GTrGr.
1461 1788 1538 1824 &L

907 1832 972 1866 {ma
983 1839 1204 1863 =·mer1tem.
1233 1830 1337 1862 Gron.
1362 1830 1391 1863 ci
1412 1846 1459 1859 =
1482 1839 1609 1864 artem.

953 1890 986 1925 8.
1010 1888 1040 1918 A
1061 1894 1179 1919 r=te
1199 1886 1315 1919 intell.
1363 1895 1506 1920 ct—te.
1528 1888 1610 1919 P=

161 1933 281 1973 ribus,
323 1932 414 1977 quod
447 1931 601 1965 defendit
641 1938 675 1964 et
720 1931 864 1975 explicat
897 1930 1117 1977 fortassis.

163 1978 276 2010 Gron..

208 2023 296 2054 G=
316 2030 425 2068 putas
447 2034 519 2054 sm.

207 2068 298 2100 G=
320 2069 501 2100 inniteris.

207 2113 299 2145 G—
323 2121 386 2144 aut
410 2113 540 2145 oderis.
567 2124 657 2144 moe.

206 2169 296 2190 neve
313 2171 359 2185 -=
379 2167 455 2188 mss.
480 2156 594 2200 (etiam
608 2156 692 2197 Jani,
717 2155 773 2199 qui
790 2155 863 2198 pri—

159 2212 231 2234 mus
254 2202 300 2234 ita
327 2202 482 2244 correxit)
503 2202 545 2236 21.
575 2202 670 2236 ffi—
695 2202 728 2236 6
750 2215 796 2228 ==
819 2212 864 2232 ne

164 2247 252 2279 vel.
292 2247 322 2278 G
340 2261 386 2274 ==
408 2257 453 2278 ne
475 2245 554 2279 vel
574 2246 749 2278 inimicus.

208 2292 324 2337 quia
348 2291 486 2324 disstm.
508 2306 555 2320 =
578 2301 656 2324 mss.

206 2351 240 2385 7.
277 2348 317 2380 in
339 2355 374 2380 ee
396 2347 484 2392 ipse.
526 2347 699 2381 R'ztffi—
719 2347 795 2387 933
818 2360 864 2374 =

160 2403 226 2473 :Stilo
237 2400 290 2465 Ξ
306 2404 354 2470 ’ἐξ
365 2403 424 2470 {Z
434 2449 446 2469 ι
441 2389 609 2482 5³22,
633 2391 866 2479 (iliiodsseiiass

160 2482 196 2515 in
218 2483 250 2515 G
271 2493 319 2518 οτ.

208 2527 241 2560 G
264 2526 325 2570 (n.)
356 2527 386 2561 2(
399 2526 428 2567 3
448 2541 496 2555 =
524 2537 749 2560 conversare.

205 2584 224 2604 r
239 2586 287 2602 ==
306 2579 431 2618 putes
445 2571 588 2618 facere.

205 2616 432 2694 {Togata
464 2663 542 2705 Arg.
553 2661 576 2695 b
594 2676 642 2691 ==
663 2669 709 2694 ut
733 2659 821 2694 hom.

206 2717 289 2750 Non
305 2725 360 2750 est
373 2717 466 2763 quod
485 2732 531 2747 ==
548 2719 606 2751 PA
616 2718 647 2750 G
658 2718 704 2750 Rr
715 2717 804 2750 TBV
817 2715 862 2748 Sb

162 2761 264 2795 Pr.bd
282 2764 363 2806 Ops.
385 2762 444 2794 Gr.
467 2773 504 2806 ρρ
526 2764 603 2798 ’Χθί
617 2781 664 2788 ·-
683 2764 716 2797 (55
738 2764 772 2796 5}-
818 2763 863 2797 im

164 2809 219 2851 (ex
237 2807 330 2841 Pinc.
349 2812 418 2840 vet.
440 2807 534 2851 lect.)
557 2809 608 2850 zu
621 2826 665 2832 —
678 2809 712 2843 6
729 2812 762 2844 -4-
781 2807 864 2840 Non

163 2861 217 2885 est
241 2863 353 2898 ergo
376 2864 409 2897 q.

526 2078 616 2099 mm-

955 1977 1023 2009 GB
1047 1987 1129 2021 αγοτ
1153 1981 1188 2015 -ξ-
1216 1983 1297 2008 aut
1317 1987 1408 2009 unus
1429 1984 1504 2010 aut.

955 2034 1020 2066 Cui
1037 2044 1125 2078 ergo
1143 2033 1278 2065 ista—
1232 2055 1278 2060 -
1291 2032 1409 2064 PAGE
1421 2033 1467 2065 Rr
1477 2034 1504 2065 B
1515 2031 1610 2077 γιξοτ

909 2077 964 2110 all.
988 2089 1026 2121 ρρ
1047 2079 1097 2109 Ss.
1121 2078 1179 2109 Gr
1200 2078 1242 2111 Ἃ.
1288 2077 1546 2112 ΤῪθῖ-ιῦὶῖα
1569 2082 1604 2115 ·l-

909 2123 968 2155 cui
988 2134 1085 2167 ergo,
1109 2122 1291 2166 inquis,
1322 2121 1408 2154 ista.
1438 2123 1609 2156 v—-ista,

957 2179 988 2209 G
1002 2178 1088 2222 (sm)
1103 2178 1128 2209 P
1139 2176 1168 2208 1.
1178 2176 1211 2209 3.
1224 2173 1258 2211 4
1268 2190 1315 2204 =
1327 2177 1503 2220 didicisti,
1518 2178 1609 2223 quod

909 2233 986 2255 non
1000 2221 1201 2265 contempsit
1220 2222 1316 2254 Grnt.

955 2268 985 2302 ’ὶί
1003 2272 1037 2306 -i-
1064 2267 1148 2300 Non
1172 2274 1226 2299 est
1249 2278 1377 2312 ergo.

956 2325 990 2356 si
1021 2322 1088 2356 tibi
1125 2322 1201 2356 did.
1248 2324 1326 2366 Arg.
1347 2322 1370 2354 b
1401 2323 1492 2356 Pinc.
1520 2334 1552 2356 v.
1585 2324 1607 2356 l.

910 2369 940 2403 'lt
959 2369 1050 2404 SR&
1074 2385 1117 2393 —-
1141 2368 1185 2400 si.
1233 2369 1296 2400 Sw.
1329 2368 1608 2409 „coniunctivam,

910 2413 1039 2457 iuquit,
1077 2412 1274 2456 particulam
1306 2413 1461 2446 meliores
1495 2425 1610 2446 omnes

909 2470 987 2491 mss.
1008 2458 1199 2501 ignorant.“
1244 2459 1288 2490 At
1307 2457 1375 2490 mei
1399 2469 1513 2492 omnes
1535 2470 1610 2492 ser-

910 2509 1002 2536 vant.
1039 2515 1057 2536 r
1075 2518 1121 2531 =
1142 2515 1220 2535 cum
1240 2502 1352 2535 didic.
1400 2513 1402 2515 ·

955 2559 1026 2591 solt
1048 2559 1138 2592 mihi
1158 2574 1205 2588 =
1231 2560 1369 2593 PAr'r.
1418 2559 1490 2595 (321
1508 2560 1543 2595 m
1566 2551 1609 2585 -“-

911 2606 945 2640 6
966 2619 1011 2633 =
1035 2604 1126 2637 mihi
1149 2605 1230 2638 soli.

953 2662 1142 2693 AGEB—
1096 2676 1142 2690 =
1167 2667 1404 2694 occurrunt.

954 2706 1077 2739 EV—
1097 2706 1271 2758 fere-'1
1291 2719 1339 2735 -·--
1367 2717 1465 2738 vero.
1513 2706 1543 2739 G
1563 2721 1608 2736 a:

910 2763 986 2797 egr.
1002 2750 1090 2796 sere
1110 2752 1209 2785 circa
1230 2751 1341 2783 eumd.
1363 2761 1392 2784 e.

958 2812 1021 2845 t-l-
1049 2815 1093 2841 et
1115 2807 1199 2840 tria.
1236 2807 1321 2841 ’ὶί-
1339 2806 1426 2839 tria.

956 2853 1043 2887 'zt—
1068 2853 1107 2886 in
1127 2851 1282 2886 debitum
1301 2858 1336 2884 et
1353 2866 1398 2881 τ.-
1421 2852 1539 2886 solvit.
