1742 3094
189 190 273 232 568
644 187 688 228 L.
719 187 917 227 ANNAEI
947 187 1176 228 SENECAE

157 317 173 342 4
192 301 262 343 uix
281 314 535 357 conpressum
559 300 695 342 artatis
718 300 892 342 faucibus
915 300 1092 356 spiritum
1115 299 1236 341 traxit
1250 299 1291 341 in
1313 299 1455 343 lucem.
1515 300 1626 344 Intra

189 369 444 426 paucissimas
478 382 573 424 ergo
609 369 753 420 horas,
798 381 913 423 quam
948 367 1127 409 omuibus
1161 374 1247 409 erat
1281 368 1368 413 sani
1390 382 1436 410 ac
1456 370 1623 411 ualentis

189 436 325 479 officiis
359 437 539 488 functus,
583 436 768 477 decessit.
828 434 901 477 Ille
935 436 1000 491 qui
1023 443 1063 477 et
1093 435 1191 476 mari
1216 443 1256 477 et
1285 442 1390 477 terra
1422 438 1623 491 pecuniam

187 505 382 560 agitabat,
427 505 490 560 qui
512 504 559 545 ad
583 503 734 560 publica
765 517 917 558 quoque
949 503 1095 546 nullum
1125 497 1351 558 relinquens
1375 504 1623 560 inexpertum

188 586 314 628 genus
347 579 532 628 quaestus
564 579 788 612 accesserat
806 571 847 611 iu
866 570 952 626 ipso
978 577 1067 612 actu
1091 570 1192 613 bene
1225 571 1446 613 cedentium
1471 586 1620 625 rerum,

187 641 228 681 in
246 640 333 696 ipso
353 639 621 697 procurrentis
643 638 830 694 pecuniae
852 637 986 693 inpetu
1006 645 1139 694 raptus
1161 645 1238 680 est.

274 708 425 750 Insere
451 720 589 758 nunc,
621 706 859 757 Meliboee,
884 707 1039 760 piros,
1063 719 1183 760 pone
1211 706 1366 748 ordine
1392 708 1512 749 ilites.

191 774 320 829 Quam
350 775 510 816 stultum
534 782 595 816 est
619 781 785 815 aetatem
815 773 1024 828 disponere
1046 787 1095 814 ne
1122 773 1283 815 crastini
1317 775 1470 829 quidem
1502 776 1625 817 domi-

154 858 171 882 5
189 843 295 883 num!
358 840 395 884 Ο
412 850 556 897 quanta
573 841 766 883 dementia
783 848 845 882 est
861 854 952 896 spes
970 841 1106 896 longas
1120 841 1406 883 inchoantium!
1467 841 1623 896 Emam‚

186 909 425 961 aedificabo,
458 910 654 960 credam,v
672 909 845 964 exigam,
877 908 1049 949 honores
1076 923 1235 964 geram:
1267 916 1347 951 tum
1371 910 1523 952 demum
1550 911 1627 953 las-

186 990 270 1018 sam
306 984 346 1018 et
379 978 532 1032 plenam
564 983 807 1018 senectutem
835 976 876 1017 iu
908 975 1030 1017 otium
1067 978 1254 1018 referam.
1315 975 1486 1031 Omnia,
1531 979 1626 1019 mihi

186 1045 320 1095 erede,
354 1035 471 1086 etiam
494 1045 671 1086 felicibus
694 1044 810 1085 dubia
829 1050 936 1085 sunt.
996 1043 1092 1084 nihil
1113 1044 1187 1085 sibi
1205 1044 1406 1100 quisquam
1426 1046 1474 1086 de
1493 1046 1625 1087 futuro

185 1111 301 1153 dehet
329 1112 573 1168 promittere.
634 1112 672 1152 id
700 1125 854 1166 quoque
885 1111 987 1166 quod
1017 1118 1174 1152 tenetur
1202 1126 1273 1167 per
1301 1126 1440 1154 manus
1471 1113 1557 1154 exit
1586 1121 1626 1154 et

183 1179 309 1234 ipsam
339 1194 453 1234 quam
484 1179 692 1235 premimus
731 1180 866 1220 horam
897 1192 1012 1219 casus
1041 1178 1191 1220 incidit.
1253 1178 1436 1221 Uoluitur
1472 1187 1624 1236 tempus

185 1254 269 1287 rata
290 1247 446 1302 quidem
467 1247 556 1302 lege
570 1277 582 1298 ‚
615 1247 685 1288 sed
704 1259 775 1302 per
797 1246 1031 1287 obscurum:
1065 1246 1154 1300 quid
1181 1253 1308 1287 autem
1331 1248 1378 1288 ad
1401 1261 1463 1289 me
1488 1248 1536 1288 an
1556 1261 1625 1289 na-

151 1331 167 1355 c.
188 1321 299 1355 turae
323 1321 472 1356 eertum
492 1314 544 1356 sit
569 1314 671 1369 quod
693 1313 787 1355 mihi
810 1313 1001 1354 incertum
1026 1315 1115 1355 est?
1171 1313 1461 1370 Nauigationes
1486 1315 1624 1371 longas

185 1388 225 1422 et
246 1382 458 1437 pererratis
494 1381 674 1423 litoribus
698 1381 836 1422 alienis
865 1394 978 1422 seros
1003 1381 1046 1421 in
1066 1381 1231 1436 patriam
1262 1382 1412 1423 reditus
1439 1383 1623 1438 proponi-

182 1463 269 1490 mus
284 1481 296 1502 ,
328 1450 505 1491 militiam
527 1456 566 1490 et
589 1448 847 1490 castrensium
866 1448 1042 1489 laborum
1065 1449 1175 1490 tarda
1194 1450 1451 1506 manupretia‚
1482 1464 1622 1505 procu-

183 1516 358 1558 rationes
382 1517 673 1575 officiorumque
692 1530 764 1572 per
785 1515 910 1557 officia
929 1529 1139 1571 processus
1152 1548 1164 1569 ‚
1202 1530 1290 1558 cum
1312 1517 1469 1558 interim
1493 1518 1543 1559 ad
1565 1518 1622 1559 la-

183 1590 244 1625 tus
273 1598 381 1625 mors
416 1591 502 1625 est=
547 1598 647 1638 quae
677 1583 860 1638 quoniam
901 1597 1108 1637 numquam
1144 1584 1338 1639 cogitatur
1368 1585 1445 1626 nisi
1474 1585 1618 1636 aliena,

182 1650 344 1692 subinde
363 1651 475 1692 uobis
499 1651 733 1706 ingeruntur
751 1650 997 1691 mortalitatis
1019 1651 1198 1706 exempla
1215 1666 1295 1692 non
1314 1651 1473 1703 diutius,
1505 1666 1621 1706 quam

149 1740 166 1765 γ
183 1718 273 1760 dum
303 1718 516 1771 miramur,
561 1707 744 1759 haesura.
805 1716 910 1772 Quid
939 1724 1069 1758 autem
1100 1718 1255 1760 stultius
1285 1732 1399 1774 quam
1425 1719 1559 1760 mirari
1579 1719 1621 1760 id

186 1831 246 1864 vix
271 1843 516 1877 compressum.
550 1831 641 1866 θὶς
652 1841 734 1876 ang
744 1829 822 1863 uin
834 1830 879 1862 ia
925 1844 971 1858 =
991 1831 1018 1862 B
1027 1830 1094 1862 mG
1103 1830 1132 1863 R
1147 1842 1184 1874 ρρ
1209 1831 1293 1874 (exc.
1309 1830 1342 1873 σ)
1363 1829 1422 1863 P2.
1437 1830 1506 1864 Col.
1518 1831 1620 1865 Sac'lt

182 1889 666 1967 ¹²¹2.⁶‘’1355.;1‚....-..2m.
696 1931 784 1966 ..30
812 1919 880 1952 120-
926 1877 1005 1953 ?g..
1036 1873 1156 1953 §.isi-*a
1164 1875 1234 1953 ⁰13.
1245 1887 1349 1954 ..3⁷¹³
1369 1884 1623 1956 ἔξξξᾞὲέῖ.

181 1978 265 2006 ras,
289 1979 418 2012 quam
439 1982 485 1995 =
505 1968 531 1998 B
545 1966 652 2010 (pan.)
675 1965 744 1998 Erl.
768 1967 820 1997 Ita
843 1971 880 1997 ut
925 1981 970 1994 =
990 1977 1036 1998 ne
1069 1967 1240 1999 crastino
1272 1967 1414 2012 quidem
1454 1966 1621 1999 domina-

179 2011 416 2053 scriberemus,
442 2011 545 2044 suasit
565 2012 662 2044 Ianus
681 2009 772 2044 laud.
793 2010 877 2043 Plin.
924 2022 1031 2043 mur.

178 2057 222 2088 N.
246 2057 290 2089 H.
315 2058 412 2097 vm,
436 2055 470 2089 4.
494 2053 576 2100 (66.)
601 2055 724 2088 triduo
752 2056 875 2100 proxi·
970 2055 1002 2088 5.
1028 2055 1088 2090 ms
1098 2072 1145 2080 —
1156 2064 1209 2088 est
1224 2062 1303 2099 post
1316 2056 1504 2089 dementia.
1534 2057 1564 2088 G
1575 2071 1620 2084 =

179 2113 253 2141 mo,
287 2114 418 2148 quam
451 2103 500 2135 sit
532 2102 689 2147 genitus.
734 2100 876 2144 B(s.1n.)
924 2112 1018 2133 cum
1053 2101 1190 2133 demum
1229 2101 1386 2146 lapsam
1420 2101 1480 2145 [cr.
1498 2101 1552 2145 ω]
1587 2109 1637 2145 et·

180 2147 239 2178 GR
253 2147 318 2182 Xffi
341 2166 383 2172 —
405 2148 439 2182 (ὅ
460 2151 494 2186 —l-
506 2158 562 2192 po
573 2159 591 2179 s·
602 2155 616 2178 ι
627 2157 743 2190 quam.
790 2145 876 2177 Bell.
923 2147 1076 2191 plenam.
1126 2146 1180 2176 BR
1201 2145 1307 2178 maior
1326 2157 1402 2189 pars
1413 2157 1450 2186 ρρ
1470 2144 1527 2178 P1.
1538 2145 1571 2178 3.
1585 2143 1618 2178 4.

177 2202 210 2222 n.
235 2190 256 2222 l.
303 2191 396 2223 Pinc.
418 2203 451 2223 v.
473 2192 495 2223 l.
517 2206 564 2219 =
582 2191 653 2223 Ille
693 2202 715 2235 q
725 2202 819 2222 uem
843 2196 877 2222 et
922 2206 966 2219 =
989 2198 1062 2222 tum
1094 2190 1196 2222 dein
1208 2190 1232 2221 d
1243 2202 1262 2221 e
1284 2190 1430 2224 lassam.
1480 2190 1551 2222 Col.
1573 2205 1620 2219 =

177 2235 282 2268 mari.
330 2237 359 2270 (ξ’
374 2240 403 2272 l.
415 2250 461 2263 =
474 2236 549 2268 Illi
569 2236 631 2280 qui
651 2243 685 2267 et
706 2235 810 2267 mari.
922 2243 996 2268 tum
1019 2234 1110 2266 dein
1122 2234 1147 2266 d
1157 2246 1176 2266 e
1208 2234 1278 2278 lap
1288 2246 1377 2267 sam.
1423 2236 1458 2270 {R
1471 2254 1514 2259 -—
1529 2236 1563 2270 Β
1573 2251 1619 2264 =

222 2288 256 2312 et
269 2281 362 2312 mari
375 2287 407 2312 ec
429 2289 529 2312 terra
539 2295 584 2308 =
597 2279 687 2311 BGR
700 2279 792 2311 Pinc.
805 2290 836 2311 v.
850 2277 874 2310 l.
922 2292 941 2311 c
951 2292 972 2311 ιι
984 2291 1018 2311 m
1041 2279 1141 2311 dein
1153 2278 1178 2311 d
1185 2291 1204 2310 e
1238 2279 1384 2313 lassam.
1431 2291 1449 2322 ρ
1468 2295 1515 2308 =
1533 2291 1554 2324 q
1564 2292 1586 2313 u
1598 2293 1619 2314 ο

175 2325 239 2359 'MR
250 2342 297 2348 —
307 2326 377 2361 381.
460 2326 495 2359 {R
507 2344 551 2349 —
563 2326 596 2359 Ξ
609 2339 653 2351 =
666 2331 700 2355 et
719 2331 821 2355 terra
841 2330 876 2354 et
923 2325 1060 2356 demum
1082 2324 1228 2356 lassam.
1260 2325 1415 2357 Fortasse
1437 2325 1618 2357 restituen-

176 2370 280 2402 mari.
305 2369 396 2412 quod
420 2369 553 2401 Ruhkm
583 2368 762 2410 deceperat
785 2367 875 2399 Gru-
921 2368 1001 2400 dum
1039 2374 1112 2401 erat
1141 2377 1215 2401 tum
1247 2369 1318 2402 sive
1348 2378 1432 2402 tune
1461 2371 1552 2412 dein
1563 2371 1588 2403 ‘d
1599 2383 1618 2402 e

173 2414 238 2446 teri
258 2420 348 2448 nota.
374 2414 422 2447 Βλ
435 2412 494 2446 P2.
507 2412 541 2446 3.
553 2428 598 2441 =
611 2413 660 2445 ad
675 2411 798 2457 public
809 2423 875 2444 am
920 2413 988 2446 vid.
1021 2413 1095 2446 Iud.
1145 2414 1176 2446 G
1193 2429 1240 2442 =
1260 2414 1371 2447 Nihil
1396 2414 1467 2447 sihi
1495 2415 1583 2460 quic
1595 2433 1616 2439 -

198 2470 318 2504 noque.
365 2460 459 2491 Unus
480 2458 555 2491 cod.
567 2457 659 2490 Pinc.
672 2472 719 2485 =
738 2458 788 2489 ad
804 2469 875 2502 pu-
920 2470 1035 2503 quam.
1086 2459 1224 2503 G(moe)
1236 2474 1281 2488 =
1288 2472 1356 2505 per
1385 2471 1513 2493 manus
1543 2471 1616 2492 ex·-

175 2471 295 2537 Zlican
305 2515 326 2537 ο
335 2515 354 2536 s
377 2515 519 2549 quoque.
565 2504 645 2546 γεζρ
661 2518 707 2530 =
728 2503 777 2535 ad
805 2514 872 2547 pu·
920 2513 962 2536 tt
973 2515 996 2536 a
1009 2503 1043 2549 f
1047 2504 1061 2536 i
1069 2512 1095 2537 ι.
1341 2516 1345 2519 ·

175 2549 269 2582 blica
292 2562 314 2595 q
325 2560 380 2581 ua
390 2560 493 2594 eque.
523 2547 617 2581 Pinc.
632 2547 672 2580 ci.
686 2562 732 2576 =
743 2549 782 2580 in
796 2548 873 2591 ipso
963 2546 996 2580 6.
1021 2549 1056 2583 -ffi
1067 2567 1114 2574 —-
1126 2550 1161 2584 Β
1182 2564 1229 2578 =
1243 2557 1278 2582 et
1297 2550 1467 2595 paratis
1493 2549 1615 2582 litori-

174 2595 189 2627 i
198 2602 276 2627 σω.
325 2594 447 2637 G(soe‘)
460 2609 506 2623 =
523 2593 609 2627 bene
639 2593 870 2626 dicentium.
918 2593 993 2626 bus.
1040 2605 1056 2627 ε
1073 2598 1108 2632 -l—
1131 2602 1166 2627 et
1194 2595 1430 2628 castrensium
1457 2593 1615 2626 laborum

172 2639 287 2673 Noun.
302 2650 340 2682 ρρ
349 2652 428 2685 =p
437 2653 457 2672 e
467 2652 486 2672 r
495 2638 674 2672 currentis
687 2638 871 2683 pecuniae.
918 2650 940 2671 n
953 2651 972 2671 ο
982 2650 1006 2670 n
1025 2650 1045 2671 ε
1054 2646 1069 2671 ι
1079 2640 1127 2684 ip
1139 2651 1158 2672 e
1168 2651 1192 2671 n
1203 2640 1229 2672 d
1241 2641 1285 2672 ia
1296 2641 1339 2672 ri
1348 2651 1372 2672 a
1388 2639 1508 2672 tarda.
1531 2639 1559 2670 B
1568 2653 1614 2667 =

173 2685 201 2718 21
211 2699 257 2712 =
267 2692 402 2729 captus
426 2692 490 2717 esc.
536 2685 563 2716 B
581 2687 615 2722 -l-
629 2695 721 2728 pone
745 2683 792 2715 in
811 2693 872 2715 or-
918 2695 1001 2716 man
1009 2685 1024 2716 i
1030 2685 1163 2729 pretia.
1210 2685 1239 2718 ‘X
1253 2688 1288 2723 -4-
1303 2685 1378 2717 nisi
1398 2683 1496 2716 dum
1518 2683 1613 2716 alie-

171 2729 257 2761 dine
277 2729 382 2762 vites.
421 2729 539 2765 Ἱίῧὶ-
551 2731 584 2765 (5
596 2739 734 2762 =nec
757 2735 868 2761 cra-st.
918 2740 977 2761 na.
1024 2730 1060 2764 {R
1078 2747 1124 2753 —
1144 2730 1179 2765 §B
1202 2744 1248 2758 =
1266 2729 1364 2771 zzond
1371 2739 1436 2761 um
1479 2728 1615 2762 diutius·

170 2773 323 2818 quidem.
918 2785 1033 2818 quam.

217 2830 260 2852 ne
296 2819 411 2852 orasti
421 2831 443 2852 n
455 2820 469 2852 i
502 2819 643 2864 quidem
677 2817 796 2851 domin
807 2829 828 2850 u
839 2830 873 2850 m
963 2817 995 2851 7.
1021 2819 1051 2851 G
1060 2834 1104 2847 =
1113 2820 1207 2862 Quid
1227 2831 1246 2852 e
1257 2831 1276 2851 r
1285 2830 1312 2864 g
1322 2829 1342 2850 ο
1357 2817 1511 2851 stultius.
1534 2818 1569 2854 ffi
1577 2837 1614 2843 —
