1742 3094
180 227 264 271 520

629 229 672 268 L.
704 227 902 268 ANNAEI
933 227 1163 269 SENECAE

181 340 290 396 quit,
334 340 518 382 mundum
541 348 698 383 scrutor
720 354 794 382 nee
814 354 877 382 me
900 340 1003 382 intra
1021 339 1318 382 contubernium
1341 339 1503 381 mortale
1523 354 1617 382 eon-

183 408 291 450 tineo
320 409 488 450 suadere
511 409 624 454 uobis
643 423 689 450 ae
710 409 935 451 dissuadere
970 415 1169 451 contenta.
1229 422 1371 465 magna
1388 421 1451 450 me
1474 415 1618 450 uocant

184 490 379 532 supraque
404 491 476 518 uos
501 477 626 532 posita
643 494 654 518 ε

273 544 391 587 Nam
420 545 497 586 tibi
525 545 580 587 de
607 558 770 587 summa
798 546 910 587 coeli
937 546 1111 587 ratione
1138 544 1343 601 deumque

270 611 505 655 De'sserere
531 615 736 668 incipiam
765 618 806 655 et
833 625 981 654 rerum
1004 613 1256 667 pm'mordia
1277 613 1498 668 pandam.-

279 679 403 722 Unde
431 682 566 722 omnis
593 686 756 723 natura
784 685 903 722 creet
930 693 1028 732 res,
1057 685 1200 722 auctet
1227 681 1403 737 alatque

275 747 456 803 Quoque
483 748 634 790 eadem
661 761 815 790 rursus
842 753 1004 790 natura
1027 753 1259 803 perempta
1286 749 1497 800 resoluat,

185 821 229 855 ut
247 815 302 857 ait
322 813 549 857 Lucretius.

184 882 276 923 beat
294 883 452 925 decreta
474 898 560 925 sua.

612 814 801 871 Sequitur
820 830 914 871 ergo
936 823 993 867 ut,
1027 830 1115 857 eum
1138 815 1437 871 contemplatiua
1453 815 1520 868 sit,
1551 815 1620 857 ha-

622 882 756 938 Quid?
798 884 899 939 quod
923 883 1099 925 facienda
1128 897 1281 939 quoque
1305 897 1421 925 nemo
1440 883 1515 924 rite
1538 882 1622 924 obi·

184 949 265 1001 bit,
298 950 374 993 nisi
392 951 426 992 is
445 951 506 992 eui
528 952 631 992 ratio
652 952 727 992 erit
751 953 891 993 tradita
912 966 987 1007 qua
1009 951 1049 992 in
1075 965 1226 1006 quaque
1247 965 1294 993 re
1315 965 1452 993 omnes
1478 950 1623 992 officio-

187 1031 271 1058 rum
295 1033 480 1060 numeros
502 1020 669 1074 exsequi
690 1020 815 1074 possit
841 1034 938 1075 quos
956 1034 1033 1061 non
1057 1019 1232 1061 seruabit
1253 1019 1318 1074 qui
1341 1019 1382 1060 in
1403 1032 1487 1060 rem
1509 1032 1622 1075 prae-

139 1094 171 1122 12
188 1092 300 1140 eepta
326 1087 546 1142 acceperit,
579 1101 658 1128 non
680 1087 721 1129 in
747 1101 876 1128 omne.

187 1152 335 1205 dicam,
377 1154 462 1195 sine
484 1154 616 1196 radice
647 1168 746 1209 quae
780 1154 953 1210 partibus
988 1155 1142 1196 dantur.

937 1085 1126 1128 Inbecilla
1146 1094 1239 1128 sunt
1257 1100 1328 1142 per
1343 1100 1388 1127 se
1410 1093 1474 1139 et,
1506 1093 1549 1128 ut
1568 1086 1623 1128 ita

1205 1152 1376 1196 Decreta
1409 1161 1500 1195 sunt
1521 1167 1622 1211 quae

186 1221 387 1274 muniant,
420 1237 518 1276 quae
541 1223 791 1264 securitatem
811 1229 984 1263 nostram
1004 1221 1398 1276 tranquillitatemque
1421 1228 1619 1274 tueantur,

187 1302 287 1342 quae
315 1296 438 1332 totam
469 1290 587 1332 uitam
629 1297 825 1346 totamque
853 1303 986 1330 rerum
1013 1296 1191 1330 naturam
1227 1289 1342 1331 simul
1380 1289 1620 1331 contineant.

186 1354 274 1397 Hoc
304 1357 472 1399 interest
493 1358 598 1399 inter
621 1358 779 1399 decreta
810 1357 1073 1413 philosophiae
1102 1364 1142 1398 et
1165 1364 1371 1413 praecepta
1394 1357 1494 1411 quod
1519 1356 1625 1399 inter

189 1424 381 1467 elementa
396 1432 436 1466 et
452 1426 650 1469 membra:
682 1426 779 1466 haec
796 1439 850 1466 ex
868 1425 944 1466 illis
959 1424 1193 1480 dependent.
1238 1425 1305 1466 illa
1317 1431 1361 1482 ¹et
1378 1423 1515 1465 horum
1530 1438 1623 1466 eau-

140 1498 171 1525 13
187 1506 256 1533 sae
291 1500 383 1534 sunt
413 1500 453 1534 et
483 1493 672 1534 omnium.
731 1492 929 1547 Antiqua,
974 1492 1124 1547 inquit,
1170 1492 1359 1549 sapientia
1391 1491 1487 1533 nihil
1520 1484 1623 1534 aliud

186 1574 299 1614 quam
325 1560 502 1602 facienda
522 1575 567 1602 ac
587 1561 744 1602 uitanda
769 1561 969 1616 praecepit
990 1567 1030 1602 et
1053 1567 1144 1601 tune
1166 1560 1284 1616 longe
1304 1559 1488 1601 meliores
1512 1566 1624 1602 erant

229 1674 255 1706 B
265 1689 310 1719 Ξ
324 1675 465 1707 contine
475 1683 490 1707 t
502 1688 531 1707 υ.
557 1675 676 1721 Β(5ω)
692 1691 735 1704 Ξ
747 1686 881 1722 magna

187 1730 231 1752 νο
241 1732 260 1752 c
270 1732 289 1752 e
298 1728 348 1752 nt.
397 1721 428 1752 G
441 1736 485 1749 =
499 1733 673 1767 supraque
695 1733 718 1753 n
731 1733 780 1754 os.

235 1774 288 1809 11.
315 1777 346 1809 G
361 1791 406 1804 =
419 1779 452 1808 D
463 1789 613 1810 eserere
634 1778 817 1822 incipiam.
852 1777 882 1811 '21

188 1837 234 1854 Ξ
247 1833 324 1854 οηιη
336 1835 355 1854 e
365 1835 382 1855 s
405 1831 549 1856 nutura.
596 1825 622 1855 B
635 1838 680 1851 =
692 1831 824 1855 natura
834 1835 884 1855 e-

189 1875 275 1901 νοι-ι.
324 1868 355 1899 G
366 1883 412 1895 ==
425 1870 533 1901 natiu-
542 1881 561 1901 e
583 1881 643 1901 cre
652 1881 676 1901 a
686 1876 711 1901 t.
747 1869 776 1900 R
791 1867 881 1900 Pinc-

188 1913 252 1948 Xffl
265 1931 307 1938 --
319 1915 350 1948 (ὃ
363 1929 408 1942 Ξ
422 1922 553 1947 natum
577 1927 636 1947 cre
645 1926 668 1947 a
677 1922 703 1946 t.

235 1982 302 2002 auc
314 1978 327 2001 ι
339 1978 372 2002 et
401 1971 546 2015 alatque
562 1986 607 1999 =
627 1972 653 2002 B
666 1969 772 2014 (μω.)
785 1970 829 2004 Ἡ
838 1988 886 1997 —-·

191 2015 225 2050 Θ
248 2015 381 2047 Lucret-
405 2016 419 2047 Ι
431 2041 439 2055 ,
468 2014 523 2048 51.
600 2017 642 2049 sB
666 2031 713 2043 Ξ
734 2027 802 2047 auc
811 2015 826 2047 a·
835 2023 885 2047 tet

188 2059 342 2103 alatque.
391 2061 421 2092 G
448 2076 494 2089 Ξ
524 2060 548 2093 h
558 2073 582 2093 a
592 2073 615 2093 u
625 2073 644 2093 t
654 2062 669 2095 i
679 2069 693 2093 t
728 2060 883 2105 alatque.

188 2106 255 2136 mG
276 2121 319 2134 Ξ
337 2119 418 2138 rex
452 2119 476 2139 a
491 2107 644 2139 vertit
667 2106 820 2150 alatque.
855 2106 885 2138 R

188 2165 232 2178 Ξ
252 2159 379 2195 auget
402 2152 556 2195 alatque.
605 2150 663 2183 P2.
687 2166 733 2179 =
754 2158 881 2195 auget

188 2202 234 2227 et
256 2195 344 2227 alut.
392 2195 537 2229 P1.3.4.
552 2197 685 2230 {It—23
700 2211 747 2224 Ξ
768 2195 880 2227 Ιιαιι-

188 2240 257 2272 rit
281 2248 325 2272 et
347 2240 425 2272 alat
447 2253 576 2285 quae.
626 2240 698 2272 Col.
717 2256 763 2268 =
785 2252 880 2272 cro-

187 2284 261 2318 vit
292 2296 352 2317 res
385 2294 566 2330 augeat
600 2292 643 2317 et
675 2285 773 2326 alat,
808 2292 880 2317 est

209 2340 329 2375 unque.
365 2329 456 2362 Pinc.
470 2331 498 2364 ’ὶί
507 2345 552 2358 Ξ
563 2342 609 2362 αα
619 2342 645 2374 g
656 2338 689 2361 et
713 2331 754 2362 al
761 2331 775 2361 i
787 2337 879 2373 tque.

222 2379 251 2412 l·
269 2393 316 2400 -
334 2376 367 2410 (ᾖ
384 2389 428 2404 Ξ
448 2375 619 2407 haurit
641 2374 804 2419 alitque.
841 2385 879 2416 ρρ

187 2419 372 2463 promiscue
390 2435 437 2449 =
454 2427 644 2465 augeat,
669 2428 815 2464 auget,
840 2431 880 2450 e-

186 2466 290 2504 dat,
325 2466 515 2511 gignat.
573 2465 603 2496 G
618 2465 722 2508 (mm)
747 2463 815 2496 1³2.
836 2479 881 2491 =

187 2523 229 2544 ea
241 2523 263 2543 n
273 2511 352 2544 dem
369 2523 503 2546 rursus.
529 2510 558 2543 R
572 2514 607 2549 -l-
623 2511 662 2542 in
682 2522 704 2542 u
714 2521 736 2541 n
749 2522 770 2540 a
790 2521 882 2554 qua-

185 2568 252 2602 que
274 2569 324 2589 re.
850 2599 856 2605 .

231 2603 293 2646 qui
315 2603 394 2635 in-r·
405 2614 468 2635 em
483 2609 675 2647 praecepta
694 2607 881 2645 acceperit,

186 2658 276 2679 non
310 2649 359 2679 in
391 2659 524 2680 omne
546 2661 593 2675 Ξ
614 2647 671 2678 BR
703 2645 794 2677 Pinc.
829 2656 879 2676 ex.

186 2691 350 2724 Francisc.
372 2694 415 2725 Sa
439 2694 509 2727 (8ϊο
524 2693 626 2727 -ῢ,
697 2691 728 2723 G
740 2706 784 2721 Ξ
829 2702 881 2722 ue

185 2737 226 2769 in
247 2749 267 2770 ι·
276 2749 294 2769 e
313 2746 507 2782 praecepta
531 2736 717 2783 acceperit.
814 2747 837 2767 a
846 2747 880 2767 m

184 2782 225 2814 in
249 2793 401 2815 omnem
425 2783 506 2826 (tres
527 2793 628 2815 voces
649 2780 783 2813 ultimae
801 2786 878 2811 sunt

181 2826 344 2869 notatae).
391 2829 436 2871 γδ
457 2842 504 2856 =
530 2840 565 2858 ω
589 2826 768 2872 acceperit
807 2836 877 2857 non

181 2883 259 2904 omn
270 2884 344 2906 em·
391 2871 556 2918 αηὲιΠυχ
567 2887 611 2901 Ξ
628 2884 662 2904 ω
679 2882 747 2904 ηοη
777 2881 877 2903 omne

927 1686 992 1708 om.
1016 1674 1066 1707 in.
1106 1685 1123 1708 ο
1136 1689 1181 1702 Ξ
1194 1686 1226 1704 ω
1245 1673 1287 1707 N
1293 1685 1311 1706 ο
1321 1685 1344 1705 n
1356 1684 1379 1705 n
1390 1684 1409 1705 e
1433 1671 1621 1705 imbecilla.

926 1720 1012 1752 Rell.
1025 1731 1063 1763 ρρ
1075 1718 1134 1751 Ρῖ.
1149 1719 1219 1752 Col.
1231 1719 1266 1754 {R
1279 1738 1320 1743 —
1333 1719 1366 1753 Β
1386 1733 1433 1746 =
1456 1731 1489 1748 ω
1518 1728 1622 1750 acce-

925 1766 1040 1811 perit.
1063 1765 1192 1797 nonin
1214 1775 1314 1797 nom
1327 1764 1372 1796 in
1385 1777 1416 1797 e.
1462 1761 1623 1796 P1.3.=

928 1822 973 1857 qu
987 1810 1042 1842 od
1063 1811 1101 1842 in
1135 1822 1184 1842 re
1210 1808 1404 1856 praecept&
1433 1808 1621 1854 acceperit,

930 1867 1000 1889 non
1019 1856 1059 1888 in
1084 1866 1104 1887 ο
1115 1867 1148 1887 m
1159 1867 1178 1887 e
1189 1866 1211 1886 n
1237 1862 1322 1887 sunt
1344 1866 1366 1886 n
1377 1866 1400 1887 u
1411 1852 1538 1886 becilla
1555 1864 1623 1898 per

929 1913 978 1936 se.
1023 1898 1083 1934 P4.
1095 1915 1141 1929 =
1152 1913 1174 1946 q
1184 1912 1206 1932 u
1218 1911 1237 1932 ο
1247 1911 1266 1932 s
1287 1911 1388 1933 nemo
1417 1902 1488 1931 rite
1516 1897 1624 1931 obibit

928 1947 990 1993 qui
1010 1947 1049 1978 in
1069 1953 1113 1979 te
1131 1953 1322 1991 praecepta
1341 1944 1527 1990 acceperit.
1553 1955 1624 1975 non

930 1991 1063 2024 omnis
1098 1990 1277 2024 imbecilli
1287 2003 1310 2023 a
1341 1998 1434 2023 sunt.
1494 1987 1624 2033 (Etiam

933 2036 1004 2069 Col.
1028 2051 1074 2065 =
1094 2035 1351 2079 Imbecillia.)
1399 2036 1443 2067 Sc
1462 2035 1492 2070 Χ
1513 2049 1560 2062 Ξ
1584 2046 1618 2064 ω

930 2094 953 2114 n
967 2094 1034 2114 am
1069 2082 1106 2114 in
1143 2093 1295 2114 omnem
1326 2080 1486 2113 vitam.
1534 2078 1620 2111 Imb.

933 2127 1039 2159 codd.
1063 2126 1196 2170 quidam
1215 2125 1359 2158 Ermi=
1375 2137 1408 2155 ω
1431 2135 1500 2156 ηοη
1523 2124 1561 2156 in
1582 2135 1624 2155 0-

927 2183 1060 2204 mnem
1095 2173 1260 2204 vitam.
1308 2171 1428 2207 (810—
1443 2171 1477 2204 (S
1495 2183 1542 2196 =
1562 2168 1624 2213 qui

924 2217 964 2250 in
996 2229 1045 2249 re
1065 2223 1255 2261 praecepta
1277 2214 1470 2259 acceperit,
1495 2224 1564 2246 non
1583 2213 1624 2246 in

926 2262 1123 2293 nomine.
1163 2262 1260 2296 6ΗίΞ·
1295 2260 1333 2293 ui
1356 2271 1482 2292 mera
1500 2270 1620 2304 praec.

925 2307 1111 2351 acceperit.
1140 2304 1271 2339 Imbeci
1287 2305 1324 2338 la
1346 2313 1439 2338 sunt.
1473 2303 1623 2349 2=qui

929 2352 966 2383 in
991 2363 1010 2383 r
1025 2363 1043 2382 e
1065 2363 1183 2396 praec.
1213 2350 1400 2396 acceperit.
1435 2349 1523 2383 Imb.
1547 2348 1622 2382 rell.

928 2407 992 2429 om.
1006 2396 1098 2440 Lips.
1113 2396 1152 2430 ci.
1167 2411 1213 2426 Ξ
1229 2408 1262 2428 ω
1281 2407 1352 2428 non
1373 2395 1414 2427 in
1434 2405 1623 2427 commu-

927 2453 990 2474 ne.
1039 2443 1102 2474 Sw.
1125 2440 1222 2473 ci.=
1239 2454 1273 2472 ω
1290 2452 1358 2473 non
1379 2440 1420 2472 in
1448 2450 1620 2472 nomen.

927 2486 980 2519 vel
1002 2487 1040 2519 in
1061 2499 1111 2519 re
1138 2500 1172 2517 ω
1199 2499 1268 2519 non
1290 2486 1328 2518 in
1346 2485 1560 2533 ¹nomine⁸>

974 2540 1028 2575 12.
1055 2542 1183 2587 G(s<x>)
1203 2541 1263 2575 Pl.
1282 2557 1328 2570 =
1349 2552 1439 2586 quac
1467 2538 1623 2572 artibus

929 2588 1073 2621 dantur.
1121 2590 1146 2621 P
1155 2587 1188 2621 3.
1211 2603 1256 2616 =
1275 2598 1366 2632 quae
1407 2596 1427 2617 ο
1437 2597 1471 2617 m
1481 2596 1504 2616 u
1517 2583 1560 2616 ib
1570 2595 1594 2616 u
1603 2595 1622 2616 s·

929 2645 981 2665 ar
993 2632 1087 2666 tibus
1129 2633 1272 2666 dantur.
1317 2631 1347 2665 'X
1369 2645 1415 2659 =
1436 2629 1515 2663 illa
1527 2641 1547 2661 e
1587 2636 1623 2661 el

929 2678 1053 2710 horum
1076 2691 1208 2711 causae
1230 2684 1323 2710 sum.
1367 2676 1404 2710 {R
1415 2675 1505 2709 -rss
1519 2689 1566 2702 =
1587 2681 1622 2706 et

925 2723 1049 2756 horum
1069 2735 1200 2756 causae
1220 2729 1302 2756 aunt
1321 2732 1342 2754 ι·
1351 2732 1375 2754 a
1383 2728 1399 2752 t
1408 2720 1424 2752 i
1434 2730 1454 2751 o
1463 2730 1487 2751 n
1496 2730 1520 2751 u
1530 2731 1576 2751 m.

971 2778 1024 2812 13.
1053 2791 1106 2812 ac
1129 2778 1282 2813 vitanda
1293 2786 1426 2809 =mss.
1437 2774 1517 2810 21&-
1587 2773 1622 2809 {R

921 2843 968 2850 —·
978 2825 1043 2859 &Ra
1054 2840 1101 2854 Ξ
1113 2837 1133 2858 e
1142 2833 1158 2858 t
1180 2822 1344 2858 vitanda.
1394 2820 1426 2852 G
1444 2834 1490 2848 Ξ
1508 2831 1620 2865 prae-

922 2881 961 2903 ce
969 2881 993 2916 p
1005 2882 1024 2902 e
1035 2882 1054 2903 ι·
1063 2871 1104 2904 ie.
