1742 3094
197 189 282 232 566
650 190 693 230 L.
722 189 920 229 ANNAEI
952 189 1182 230 SENECAE

199 301 378 343 adsidere
403 301 566 357 pusillae
589 301 674 354 rei,
715 302 876 344 uerbis?
933 301 1006 344 Ille
1027 316 1159 344 rerum
1188 316 1233 344 se
1255 303 1509 359 magnitudini
1529 305 1636 347 addi-

200 369 287 411 xit:
334 369 595 424 eloquentiam
629 370 738 411 uelut
773 370 949 411 umbram
979 384 1059 411 non
1096 370 1171 412 hoc
1198 384 1320 426 agens
1347 372 1481 414 trahit.
1540 372 1634 415 Non

201 444 317 478 erunt
332 436 419 479 sine
435 437 550 478 dubio
567 437 718 492 singula
736 437 1020 493 circumspecta
1036 438 1168 479 necin
1187 453 1230 480 se
1248 439 1411 481 collecta
1429 453 1502 482 nec
1521 455 1635 483 omne

152 516 179 541 ιι
201 505 364 546 uerbum
387 505 576 546 excitabit
598 519 643 545 ac
668 511 841 560 punget,
873 506 1016 547 fateor.
1077 506 1243 547 exibunt
1262 507 1382 548 multa
1401 521 1474 549 nec
1495 509 1638 550 ferient

198 579 239 613 et
264 573 456 614 interdum
492 573 620 613 otiosa
653 572 962 627 praeterlabetur
993 563 1149 615 oratio:
1196 574 1266 615 sed
1295 575 1458 616 multum
1493 575 1569 617 erit
1594 576 1636 617 in

197 640 379 681 omnibus
408 640 531 691 lucis,
575 640 646 681 sed
664 639 805 694 ingens
830 640 916 681 sine
938 640 1067 681 taedio
1095 641 1279 696 spatium.
1338 640 1520 698 Denique
1542 643 1635 684 illud

197 708 431 762 praestabit,
477 714 521 748 ut
540 707 688 762 liqueat
712 707 782 748 tibi
802 707 909 748 illum
929 707 1104 749 sensisse
1126 722 1225 763 quae
1243 709 1416 764 scripsit.
1475 709 1635 752 Intelle-

195 788 266 829 ges
295 775 369 815 hoc
396 782 549 827 actum,
582 781 625 816 ut
645 781 685 815 tu
702 775 828 816 scires
853 775 944 830 quid
961 775 1015 816 illi
1037 776 1232 830 placeret,
1263 790 1344 817 non
1364 782 1407 818 ut
1424 777 1490 818 ille
1507 778 1635 833 place-

195 848 258 883 ret
275 841 362 883 tibi.
421 841 488 883 Ad
509 843 724 898 profectum
744 843 874 884 omnia
891 843 1072 895 tendunt,
1103 844 1151 884 ad
1170 844 1312 885 bonam
1330 851 1525 886 mentemx
1557 859 1636 887 non

147 924 176 952 12
195 910 396 964 quaeritur
417 910 592 966 plausus.
655 909 771 952 Talia
793 924 882 952 esse
905 912 1051 966 scripta
1076 911 1162 957 eius
1182 925 1261 953 non
1282 911 1429 963 dubito,
1461 912 1579 954 etiam
1601 913 1637 954 si

193 976 316 1032 magis
350 977 586 1020 reminiscor
621 992 735 1033 quam
763 986 880 1020 teneo
908 979 1121 1033 haeretque
1144 979 1238 1020 mihi
1256 980 1380 1021 vcolor
1399 993 1535 1021 eorum
1556 994 1635 1021 non

193 1058 248 1085 ex
267 1045 419 1086 recenti
457 1046 759 1087 conuersatione
783 1046 1026 1087 familiariter
1039 1077 1050 1098 ,
1096 1047 1166 1087 sed
1184 1047 1402 1087 summatim
1417 1079 1428 1099 ‚
1471 1054 1515 1088 ut
1535 1047 1636 1089 solet

192 1125 246 1153 cx
263 1119 400 1154 uetere
419 1113 574 1154 notitia.
636 1111 738 1155 Cum
754 1113 930 1154 audirem
952 1120 1060 1155 certe
1075 1114 1199 1165 illum,
1230 1114 1322 1157 talia
1339 1114 1432 1155 mihi
1448 1114 1634 1156 uideban-

190 1187 254 1221 tur
268 1212 280 1232 ,
325 1194 406 1221 non
426 1181 550 1222 solida
564 1213 575 1233 ‚
621 1181 692 1222 sed
715 1181 853 1236 plena,
898 1194 998 1236 quae
1027 1181 1318 1225 adulescentem
1339 1182 1482 1224 indolis
1505 1182 1634 1224 honae

194 1248 429 1289 adtollerent
454 1255 495 1289 et
527 1249 576 1289 ad
606 1247 864 1289 imitationem
897 1248 958 1290 sui
993 1256 1208 1290 euocarent
1240 1249 1327 1290 sine
1363 1250 1634 1306 desperatione

192 1315 398 1357 uincendi:
442 1330 542 1371 quae
570 1316 665 1357 mihi
694 1316 911 1357 adhortatio
942 1316 1099 1358 uidetur
1119 1317 1402 1363 efficacissima.
1451 1318 1637 1359 -deterret

189 1383 292 1424 enim
325 1383 390 1438 qui
420 1383 598 1425 imitandi
628 1384 876 1440 cupiditatem
906 1383 1023 1435 feeit,
1069 1398 1177 1440 spem
1209 1385 1383 1426 abstulit.
1443 1382 1634 1427 Ceterum

194 1450 330 1492 uerbis
361 1451 607 1503 abundabat,
652 1452 738 1493 sine
770 1451 1108 1493 commendatione
1137 1452 1302 1508 partium
1331 1453 1571 1508 singularum
1594 1453 1635 1494 in

190 1518 416 1560 uniuersum
438 1519 684 1575 magnificus.
747 1518 861 1561 Uale.

186 1645 229 1658 Ξ
244 1631 402 1664 oratorie
424 1643 444 1663 r
455 1639 496 1663 et
507 1630 530 1663 Iz
543 1643 591 1663 or
602 1632 617 1664 i
627 1644 646 1663 c
657 1644 675 1664 e
699 1639 742 1664 ec
763 1631 885 1676 tragi-

186 1688 232 1708 ce.
283 1676 381 1710 Gttor
401 1690 448 1704 =
480 1677 640 1709 oratorie
678 1689 697 1709 e
708 1689 727 1709 r
738 1690 757 1709 e
768 1689 787 1708 c
797 1685 810 1708 ι
820 1688 842 1708 u
853 1688 887 1709 m

186 1721 335 1766 tragice.
385 1721 446 1753 BG
456 1722 521 1756 Ίίθί
533 1740 577 1746 -·
591 1722 624 1756 Q
636 1737 683 1749 =
702 1722 886 1766 magnim-

186 1766 268 1798 clini
299 1766 479 1802 adduxit.
526 1766 555 1798 R
569 1778 606 1809 ρρ
622 1766 706 1810 (exc.
722 1767 810 1810 ζὸτφ
833 1765 885 1809 ω)

186 1809 242 1843 Ρ2.
259 1810 330 1843 Col.
351 1811 380 1846 21
403 1827 448 1839 =
475 1811 541 1844 hoc
569 1814 685 1857 agens
716 1823 780 1844 om.
803 1823 884 1844 non.

184 1855 244 1889 Pl.
268 1872 313 1884 =
336 1868 406 1889 non
434 1857 499 1889 hoc
535 1858 652 1890 trahit
673 1869 739 1893 om.
760 1869 884 1902 agens.

182 1903 252 1938 ffil.
263 1903 352 1937 -Ξ
363 1917 409 1931 =
421 1914 440 1935 c
451 1913 470 1934 ο
481 1913 504 1934 n
516 1902 633 1940 trahit
653 1908 772 1935 contra
781 1908 886 1934 mstos

184 1945 284 1978 etiam
320 1947 379 1980 Gr.
435 1950 437 1953 ’
458 1946 550 1979 Pinc.
577 1959 627 1980 ex.
651 1947 816 1979 Francisc.
842 1947 886 1982 ⁵)ss

184 2007 229 2019 =
243 1993 390 2038 singula
409 1993 619 2025 circumsec
630 2001 679 2026 ta.
727 1993 754 2024 B
770 2007 816 2020 =
829 2004 886 2038 ag

181 2045 358 2115 ''“ii³⁶'}n
379 2038 598 2116 ῗὲῗῖίῑῗιῖῗι
606 2038 825 2116 {Uin—³⁵5³}
837 2083 887 2115 se

184 2129 243 2172 βοῒ
253 2127 347 2159 Pinc.
359 2139 392 2160 v.
403 2127 425 2159 Ῑ.
450 2123 500 2159 Ss'.
521 2129 550 2162 ’ὶί
561 2131 616 2165 §Ru
631 2130 678 2164 Ξ.
750 2129 810 2160 GR
827 2128 884 2160 Gr.

183 2171 216 2205 {R
231 2190 273 2194 —-
293 2173 363 2209 ffil.
373 2173 438 2207 *Dia
450 2186 495 2200 =
507 2174 546 2205 in
580 2173 740 2206 omnibus
765 2174 809 2206 lo
821 2174 885 2207 cis.

226 2227 245 2246 s
254 2227 272 2247 e
283 2215 308 2247 cl
332 2217 461 2262 ingens
472 2233 516 2245 =
527 2220 605 2251 mss.
625 2218 671 2262 (G
682 2229 763 2262 p.m.
780 2233 826 2245 =
839 2218 882 2260 ει)

182 2259 281 2292 etiam
302 2259 392 2293 Pinc.
421 2261 480 2293 Gr.
493 2264 535 2297 X.
605 2263 639 2297 θί
656 2280 702 2286 -
727 2263 760 2298 (ᾗ
774 2278 819 2290 =
841 2270 884 2294 et

183 2307 324 2350 ingens.
374 2306 404 2337 G
418 2320 464 2334 =
475 2306 647 2352 praestab
659 2308 673 2339 i
683 2318 711 2339 s.
760 2307 825 2342 Rffi
837 2324 882 2330 —

180 2352 244 2386 ⁵)Jiu
264 2355 296 2388 -1-
315 2358 358 2383 et
383 2351 432 2383 ad
458 2351 584 2384 bonam
606 2359 765 2384 mentem.

981 1630 1033 1669 12.
1059 1631 1141 1666 21—
1157 1643 1274 1664 eorum
1294 1639 1372 1676 post
1393 1633 1501 1666 color.
1547 1633 1632 1665 R=

933 1689 977 1709 ex
1003 1677 1128 1709 veteri
1151 1677 1293 1710 notitia.
1340 1677 1390 1710 sG
1404 1680 1532 1721 αγδηοτ
1545 1678 1574 1712 2(
1586 1693 1632 1707 =

933 1733 1003 1754 non
1028 1721 1148 1755 solida
1160 1747 1168 1762 ,
1194 1722 1258 1756 sed
1278 1721 1352 1768 pla
1364 1735 1422 1756 na.

980 1768 1036 1799 sui
1071 1780 1089 1799 e
1099 1779 1120 1799 2¹
1132 1774 1275 1800 ocarent
1285 1767 1400 1801 =RG
1414 1770 1514 1814 βδιπτ
1526 1766 1585 1808 1²2·
1595 1766 1630 1802 3-

936 1811 1007 1844 Col.
1033 1812 1112 1848 Ἡῧ.
1180 1814 1207 1844 Β
1233 1828 1279 1841 =
1299 1814 1400 1846 sive
1432 1822 1631 1846 vocarent.

931 1858 967 1892 {R
978 1875 1024 1881 —
1037 1856 1100 1892 {ma
1112 1873 1156 1885 =
1172 1859 1230 1891 sui
1263 1870 1314 1891 vo
1324 1867 1459 1891 carent.
1509 1858 1629 1902 G(soe)

933 1903 1115 1935 =Devit
1126 1911 1169 1936 et
1193 1903 1286 1936 enim
1309 1905 1380 1949 qui.
1427 1904 1456 1937 21
1470 1919 1516 1931 =
1530 1904 1632 1950 cupi—

935 1948 1030 1980 ‹litat
1041 1960 1059 1979 e
1083 1960 1106 1980 n
1119 1962 1137 1980 υ
1148 1960 1171 1980 η
1188 1947 1293 1994 fecit.
1315 1950 1318 1952 ’
1333 1949 1399 1981 mG
1411 1947 1631 1994 Βαβγδηιοπσ

933 1993 1009 2037 φχῴ
1021 1991 1080 2025 Pl.
1092 1991 1125 2026 3.
1152 1993 1223 2026 Col.
1237 1995 1273 2030 {R
1287 2013 1326 2019 —
1347 1996 1380 2030 (5
1399 1998 1434 2033 -ff-
1450 1995 1631 2039 cupidita-

933 2045 1003 2070 tem
1034 2050 1057 2070 n
1068 2051 1087 2071 o
1098 2050 1122 2070 n
1142 2037 1250 2084 fecit.
1297 2039 1342 2074 {DZ
1361 2057 1402 2064 —·
1426 2039 1489 2074 {mn
1506 2043 1541 2078 -l-
1565 2052 1629 2071 cu-

932 2082 1121 2134 piditatem
1142 2085 1312 2116 imitandi
1328 2083 1427 2116 mod
1438 2096 1458 2116 ο
1469 2083 1568 2128 fecit
1590 2095 1629 2116 ex

932 2139 999 2170 ing.
1022 2129 1108 2160 Mur.
1177 2130 1243 2161 Iac.
1267 2129 1400 2161 Lectius
1424 2128 1463 2160 ci.
1475 2143 1523 2157 ==
1543 2129 1627 2167 imi-

932 2172 1038 2205 tandi
1066 2185 1085 2204 c
1095 2185 1117 2204 ιι
1128 2185 1160 2205 m
1194 2173 1284 2216 fecit
1315 2185 1409 2220 spem
1422 2198 1432 2214 ,
1467 2173 1627 2206 abstulit.

930 2216 1015 2250 Rell.
1037 2217 1135 2249 etiam
1157 2218 1246 2249 Pinc.
1265 2215 1368 2250 P1.4.
1386 2230 1436 2249 ω.
1465 2223 1467 2225 ’
1486 2217 1623 2262 G(moe)

928 2276 975 2289 =
987 2264 1089 2294 Ceter
1101 2263 1115 2294 i
1124 2274 1142 2294 ε
1164 2262 1292 2299 verbi-5.
1340 2263 1477 2308 G(m<x>)
1490 2279 1537 2292 =
1548 2264 1626 2297 sine

929 2319 1080 2339 accom
1093 2307 1313 2341 modativne
1334 2310 1531 2354 paratio
1551 2309 1624 2342 sin-

927 2351 1104 2396 galatum.
