1742 3094
170 151 255 198 474
628 156 672 196 L.
702 156 898 196 ANNAEl
930 156 1160 197 SENECAE

172 275 281 324 punt.
344 267 456 322 Quae
491 268 715 310 domesticis
748 268 860 310 bellis
889 275 1082 310 steterant
1107 282 1255 323 regna,
1299 283 1398 323 quae
1431 269 1608 316 externis

173 335 385 392 inpellente
415 337 519 379 nullo
539 344 671 379 ruunt.
733 336 1041 392 Quotaquaeque
1065 336 1288 378 felicitatem
1314 337 1454 379 ciuitas
1477 343 1608 393 pertu-

174 404 250 447 lit?
310 402 529 460 Cogitanda
558 419 653 461 ergo
684 412 775 447 sunt
805 404 936 446 omnia
966 412 1006 446 et
1033 405 1184 446 animus
1214 405 1404 446 aduersus
1434 418 1481 446 ea
1509 418 1607 460 quae

140 489 158 515 8
174 480 342 529 possunt
362 474 523 516 euenire
543 474 770 515 firmandus.
831 471 990 524 Exilia,
1022 479 1213 514 tormenta
1230 505 1241 525 ‚
1274 472 1458 524 morbos,
1490 472 1607 523 bella,

171 542 375 596 naufragia
396 542 600 584 meditare.
660 540 796 582 Potest
821 547 860 583 te
878 540 1042 595 patriae,
1074 547 1203 595 potest
1223 540 1386 596 patriam
1409 540 1477 582 tibi
1497 553 1610 582 casus

172 609 342 665 eripere·
403 617 533 666 potest
553 617 592 651 te
617 609 658 650 in
681 609 928 650 solitudinem
946 608 1118 651 abicere.
1179 615 1308 663 potest
1328 608 1402 649 hoc
1423 608 1549 662 ipsum
1569 607 1609 648 in

173 692 250 732 quo
270 678 385 720 turba
406 679 633 719 subfocatur
659 677 744 719 fleri
764 676 948 718 solitudo.
1011 675 1118 717 Tota
1137 682 1229 717 ante
1249 676 1383 718 oculos
1401 676 1520 717 sortis
1540 675 1609 716 hu-

171 760 310 787 manae
352 746 529 787 condicio
566 741 735 800 ponatur
764 757 838 786 nec
867 749 1051 798 quantum
1081 743 1308 797 frequenter
1335 744 1495 795 euenit,
1540 743 1610 785 sed

173 820 358 869 quantum
382 813 588 870 plurimum
611 819 741 868 potest
763 811 925 854 euenire
947 825 1237 867 praesumamus
1260 811 1414 862 animo,
1446 811 1480 852 si
1500 811 1611 853 nolu-

173 896 260 923 mus
280 882 444 937 obprimi
461 896 535 923 nec
555 882 644 923 ullis
665 880 863 923 inusitatis
883 880 991 921 uelut
1009 879 1123 923 nouis
1141 879 1407 935 obstupefieri.
1467 877 1514 920 In
1533 879 1613 933 ple-.

141 962 159 990 9
176 964 266 992 num
292 951 498 1005 cogitanda
524 951 683 991 fortuna
704 956 780 991 est.
844 946 1038 1002 Quotiens
1060 947 1208 999 Asiae,
1241 947 1420 1002 quotiens
1438 945 1613 988 Achaiae

172 1018 291 1059 urbes
317 1033 395 1060 uno
429 1025 599 1060 tremore
630 1018 883 1059 ceciderunt?
927 1022 1022 1070 quot
1042 1015 1181 1071 oppida
1203 1015 1243 1056 in
1266 1013 1409 1070 Syria,
1457 1020 1552 1069 quot
1572 1014 1613 1055 in

173 1083 409 1128 Macedonia
442 1087 631 1127 deuorata
656 1086 775 1126 sunt?
833 1082 995 1140 Cypron
1027 1083 1207 1138 quotiens
1230 1083 1400 1124 uastauit
1421 1082 1517 1123 haec
1537 1082 1614 1123 ela-

175 1154 272 1197 des?
301 1154 482 1209 quotiens
501 1154 543 1195 in
561 1168 606 1195 se
624 1151 780 1208 Paphus
803 1151 983 1193 conruit?
1041 1149 1293 1205 Frequenter
1312 1151 1425 1192 nobis
1450 1149 1614 1192 nuntiati

175 1228 268 1264 sunt
299 1229 468 1264 totarum
503 1221 655 1263 urbium
687 1220 870 1262 interitus
893 1225 933 1262 et
957 1233 1030 1260 nos
1046 1218 1152 1260 inter
1176 1219 1524 1273 quost'requenter
1539 1218 1615 1259 ista

176 1290 407 1332 nuntiantur
446 1297 565 1346 quota
593 1302 685 1345 pars
724 1286 896 1329 omnium
937 1288 1100 1328 sumus?
1159 1283 1456 1342 Consurgamus
1488 1286 1616 1341 itaque

177 1359 368 1400 aduersus
403 1358 565 1400 fortuita
597 1364 638 1399 et
674 1356 855 1412 quicquid
888 1354 1070 1396 inciderit
1106 1354 1275 1396 sciamus
1309 1368 1387 1396 non
1414 1368 1505 1396 esse
1538 1361 1616 1396 tam

131 1438 163 1466 ιο
180 1441 362 1482 magnum
393 1441 507 1482 quam
538 1439 698 1467 rumore
726 1425 908 1466 iactetur.
970 1420 1123 1464 Ciuitas
1157 1416 1256 1464 arsit
1285 1423 1469 1478 opulenta
1501 1436 1619 1464 orna-

178 1501 429 1550 mentumque
458 1494 746 1550 prouinciarum
771 1492 909 1547 quibus
934 1497 973 1531 et
991 1490 1140 1532 inserta
1157 1498 1244 1532 crat
1264 1498 1304 1532 et
1327 1498 1492 1547 excepta
1506 1523 1518 1542 ‚
1552 1489 1618 1531 uni

179 1569 311 1606 tamen
343 1563 511 1618 inposita
537 1570 577 1603 et
596 1561 684 1603 huic
712 1575 792 1602 non
821 1559 1012 1600 altissimo
1036 1560 1174 1599 monti.
1236 1556 1421 1600 Omnium
1454 1559 1618 1600 istarum

179 1630 392 1672 ciuitatium
413 1644 509 1686 quas
527 1644 632 1671 nunc
654 1627 881 1682 magnificas
901 1640 946 1666 ac
966 1626 1118 1666 nobiles
1146 1627 1257 1667 audis
1275 1627 1444 1680 uestigia
1464 1638 1616 1681 quoque

179 1705 332 1755 tempus
365 1699 516 1740 eradet.
575 1696 671 1739 Non
694 1696 828 1746 uides,
871 1693 1193 1749 quemadmodum
1214 1693 1255 1735 in
1273 1692 1426 1735 Achaia
1446 1693 1618 1735 clarissi-

178 1781 330 1808 marum
353 1767 504 1808 urbium
521 1766 597 1807 iam
616 1765 867 1806 fundamenta
886 1770 1115 1818 consumpta
1134 1762 1214 1803 sint
1228 1775 1302 1803 nec
1321 1762 1524 1816 quicquam
1546 1775 1618 1802 ex-

179 1842 258 1877 stet
275 1850 329 1877 ex
344 1850 421 1891 quo
437 1835 623 1891 adpareat
640 1833 728 1874 illas
745 1831 873 1874 saltim
892 1830 1041 1872 fuisse?
1095 1828 1189 1872 Non
1214 1836 1361 1870 tantum
1383 1844 1500 1870 manu
1517 1829 1618 1871 facta

179 1904 364 1945 labuntur
386 1917 459 1944 nec
488 1909 638 1944 tantum
672 1901 841 1942 humana
862 1906 949 1940 arte
979 1905 1093 1953 atque
1129 1898 1319 1939 industria
1343 1898 1470 1954 posita
1502 1897 1622 1938 uertit

226 1995 366 2039 γπτΟΟῙ.
378 1995 414 2030 {R
426 2013 469 2019 —-
484 1995 516 2029 82
527 2009 572 2021 =
583 1996 672 2036 Quot
681 2004 705 2024 a
715 2005 748 2024 m
767 2003 877 2037 quae-
925 1990 949 2022 Ιι
962 2002 985 2023 a
996 2002 1014 2022 e
1036 1990 1170 2023 clades.
1218 1989 1248 2023 X
1257 2005 1302 2017 =
1315 1990 1341 2022 d
1351 2001 1370 2021 e
1379 1988 1550 2021 vastavit.

181 2054 255 2087 que.
327 2041 356 2075 ’ὅ
377 2059 420 2065 --
446 2043 571 2083 Quota.
632 2039 662 2071 G
679 2039 739 2082 (cr.
758 2037 811 2080 ω)
832 2051 879 2065 ===
969 2047 1022 2069 mo
1042 2051 1088 2063 =
1108 2044 1123 2068 ι
1134 2047 1157 2067 a
1169 2042 1319 2067 marum
1349 2034 1499 2067 urbium.

182 2090 297 2130 Quota
321 2098 343 2119 α
354 2098 375 2131 q
386 2098 408 2118 u
420 2099 439 2118 e
462 2098 512 2131 eq
523 2097 546 2117 ιι
558 2097 587 2118 e.
621 2082 680 2116 Pl.
693 2082 726 2116 3.
739 2098 784 2112 =
797 2093 880 2128 quo
969 2080 1119 2125 lucum)
1132 2096 1178 2108 z:
1191 2088 1205 2112 t
1218 2088 1294 2112 ota
1313 2091 1404 2125 pars
1426 2078 1588 2111 omnium.

181 2133 260 2165 vel
279 2143 397 2176 aqua
421 2142 576 2176 aeque.
671 2149 673 2151 -
972 2124 1371 2170 G(soe)=fortunam.

226 2175 260 2208 8.
286 2177 449 2219 ΒῦΒγδῴ
459 2177 488 2210 2(
509 2190 555 2203 =
575 2173 672 2206 morl>
684 2174 710 2206 i.
756 2173 813 2207 ΒΧ
833 2187 880 2200 =
971 2170 1024 2204 10.
1061 2170 1151 2203 Pinc.
1183 2169 1223 2202 ci.
1247 2170 1291 2203 'DZ
1317 2185 1362 2197 =
1382 2167 1590 2215 provincia
1602 2186 1620 2191 -

183 2222 339 2255 meditor
349 2222 373 2253 i.
420 2222 492 2264 γδψ
506 2235 551 2248 =
568 2220 702 2252 medita
712 2229 734 2250 n
744 2218 768 2250 d
778 2230 811 2250 a.
929 2216 995 2248 liu
1008 2228 1051 2247 m.
1100 2226 1163 2260 κοχ
1174 2216 1198 2246 P
1209 2212 1242 2247 3.
1257 2215 1289 2246 4.
1303 2215 1358 2249 §Ru
1377 2233 1423 2238 —
1441 2215 1474 2248 Ξ
1495 2228 1541 2241 =
1558 2213 1621 2246 uni

228 2269 254 2299 B
264 2282 310 2295 =
323 2266 492 2299 solitudin
507 2279 526 2298 e
536 2278 564 2298 s.
613 2265 642 2299 ’ΣΙ
654 2279 698 2292 =
710 2276 728 2296 s
737 2263 804 2295 oli
815 2274 834 2294 c
845 2263 881 2294 i-
928 2269 942 2294 t
951 2273 973 2292 a
986 2272 1007 2292 η
1018 2268 1033 2293 t
1044 2273 1066 2292 u
1079 2272 1112 2291 m
1135 2260 1312 2304 imposita.
1338 2258 1426 2291 Male
1436 2258 1544 2291 Ruhk.
1556 2257 1622 2291 hoc

184 2314 354 2347 tudinem.
392 2311 459 2354 (cf.
483 2309 586 2342 Drkb.
621 2309 665 2341 ad
694 2308 767 2340 Liv.
790 2308 880 2347 VIII,
929 2318 970 2339 ex
989 2305 1043 2338 ed.
1063 2311 1131 2338 vet.
1153 2306 1215 2344 (X)
1239 2304 1364 2336 laudat.

186 2358 240 2396 13,
262 2358 314 2391 15.
362 2355 476 2400 Spald.
498 2355 541 2387 ad
556 2354 669 2394 Quint.
693 2354 735 2386 ΙΙ.
757 2364 790 2396 p.
802 2349 880 2385 456.
973 2351 1155 2384 civitatiu
1166 2362 1200 2382 m
1219 2365 1265 2378 =
1286 2351 1362 2385 ΒΞ.
1433 2349 1491 2382 GR
1503 2348 1624 2383 2191—

185 2405 243 2437 111.
263 2415 298 2447 p.
318 2399 398 2435 393.
421 2401 478 2444 al.)
504 2399 626 2433 Matth.
652 2398 691 2430 ci.
704 2413 750 2426 =
762 2398 801 2430 in
822 2409 883 2430 so-
929 2398 993 2431 §ma
1013 2411 1059 2424 =
1079 2397 1208 2428 civitae
1218 2408 1240 2428 u
1252 2407 1298 2428 m.
1378 2395 1444 2427 mG
1455 2394 1623 2439 βιοπστχψ

186 2450 377 2483 titudinem
402 2446 495 2492 abig
505 2458 574 2478 ere.
644 2445 726 2475 B=
740 2455 804 2476 nec
827 2443 883 2475 il-
930 2458 974 2471 =
985 2455 1029 2474 ac
1054 2441 1196 2477 ‚nobiles
1219 2454 1243 2474 ν
1253 2442 1266 2473 i
1276 2440 1301 2472 d
1312 2452 1360 2474 es
1371 2466 1380 2480 ,
1404 2439 1495 2483 quod
1523 2438 1624 2471 etiam

189 2496 233 2529 lo
256 2494 317 2539 [cr.
332 2508 378 2522 =
390 2491 500 2536 illis]
525 2490 744 2534 inusitaci[s
756 2489 800 2533 ε]
823 2487 882 2521 Ρ1.
930 2488 963 2520 in
995 2489 1021 2520 B
1056 2487 1158 2519 fuisse
1195 2486 1348 2519 videtur:
1393 2491 1484 2517 certe
1519 2483 1626 2516 audis

187 2540 221 2574 3.
243 2556 288 2569 =
313 2551 377 2572 nec
401 2541 450 2571 in
484 2536 597 2570 illis
619 2536 712 2569 inus.
757 2533 816 2567 P2.
838 2549 884 2562 =
930 2532 1062 2577 scripsit
1075 2532 1140 2565 alia
1158 2543 1286 2565 manus.
1341 2531 1371 2563 R
1383 2531 1626 2575 :quicquam

188 2598 253 2619 nec
272 2585 359 2618 ullis
381 2597 403 2617 u
416 2584 550 2617 sitatis.
930 2592 949 2612 e
958 2591 983 2612 x
993 2580 1007 2611 ι’
1021 2591 1040 2612 3
1050 2587 1065 2612 ι
1075 2590 1100 2611 ιι
1108 2586 1134 2611 t.

233 2629 267 2663 9.
293 2628 746 2674 <pP3.4.=unoterr-ae
766 2634 884 2658 motu
974 2623 1268 2658 aaltim=BGX.
1324 2619 1627 2656 lim-&asal-

190 2676 406 2710 ceciderunt.
672 2671 674 2673 μ
931 2678 947 2703 ι
958 2682 1033 2702 em.
1455 2682 1458 2684 v

236 2724 399 2766 Cypron
418 2736 463 2749 =
482 2719 569 2754 Bmt
590 2729 628 2762 ρρ
649 2722 784 2761 praeter
801 2727 887 2760 pau·
976 2726 1064 2748 nec
1086 2723 1225 2747 tantum
1245 2728 1291 2742 =
1311 2712 1413 2746 BGR.
1481 2711 1516 2745 {R
1529 2729 1577 2735 --
1592 2711 1626 2746 ὅ

193 2778 270 2807 cos»,
296 2778 352 2810 qm
380 2778 453 2799 cum
481 2766 745 2808 G=Cypros.
793 2762 887 2796 251-
932 2776 979 2790 =
998 2771 1089 2794 non
1122 2767 1273 2792 tantum.
1319 2758 1348 2792 ‘E
1369 2764 1511 2789 =aut
1542 2764 1628 2789 tan-

193 2814 283 2849 ῢ-ε
297 2815 426 2858 Cypru
439 2824 483 2844 m.
538 2806 862 2842 RG-ssvastabun
875 2815 889 2840 t
936 2814 1020 2840 tum.
1066 2804 1152 2839 neu.
1175 2815 1209 2837 n.
1227 2803 1250 2838 l.
