1742 3094
200 196 288 235 XVI
775 198 1066 238 PRAEFATIO.

202 316 375 342 exerceat.
422 310 466 342 ib.
494 306 603 341 18.—-
622 317 764 355 poetam
784 315 862 341 ante
887 310 1065 342 comicum.
1114 310 1153 343 11
1167 336 1177 352 ,
1201 311 1236 345 3.
1282 313 1421 348 subitus
1443 316 1640 362 affundi-

203 373 276 399 tur.
324 363 386 406 12,
401 364 441 399 ’3.
487 365 578 398 Phil
584 366 678 398 osii
700 365 817 397 villici
833 365 954 408 filiuS.
1002 365 1047 397 ib.
1071 365 1124 400 10.
1151 372 1187 407 -ὶ-
1213 369 1252 402 in
1284 370 1363 404 vita
1382 373 1502 407 teneri
1520 383 1639 420 potest

164 464 167 466 q
205 421 365 454 invitu
376 433 406 454 s.
457 420 521 462 13,
541 420 573 454 3.
622 421 859 453 subsiluisti.
909 420 954 453 ib.
978 419 1011 454 4.
1058 432 1121 456 aut
1146 424 1328 472 fingimus
1349 436 1413 461 aut
1428 431 1639 477 praeripi.

205 489 293 510 mus.
338 477 384 509 ib.
405 474 438 510 9.
485 478 712 522 Inquiramus
741 477 862 521 itaque
890 478 938 509 in
972 491 1057 511 rem.
1106 479 1151 513 ib.
1178 478 1229 515 14.
1277 483 1459 517 Socratem
1486 486 1638 532 confe—

199 534 259 567 cit.
307 531 369 574 14,
404 531 456 565 14.
506 533 666 577 Denique
699 535 835 566 consi
843 533 860 565 l
867 534 970 567 ium.
1018 533 1064 568 ib.
1088 535 1140 569 15.
1166 556 1210 563 -
1245 539 1340 584 stipe
1370 547 1450 573 ante
1482 542 1635 588 inplebo.

201 589 253 630 15,
277 587 310 623 7.
358 589 651 622 mediatoris
674 589 732 620 sui
753 597 1077 635 temperamentum.
1129 591 1182 634 18,
1206 593 1239 627 5.
1287 595 1468 630 Grabatus
1488 599 1552 631 ille
1571 600 1637 632 vi·—

198 646 265 679 lis
292 646 352 679 sit.
399 645 444 677 ib.
465 642 498 677 7.
546 644 610 676 ille
627 645 802 690 magister
825 646 1054 693 voluptaris.
1097 649 1142 681 ib.
1165 647 1199 682 9.
1234 652 1350 685 animi
1365 652 1635 699 fortitudo-

197 702 277 735 ibid.
326 702 426 747 sequi
450 700 574 733 horum
608 701 947 735 similitudinem.
993 703 1038 736 ib.
1065 703 1118 737 11.
1165 707 1285 740 solida
1306 720 1375 742 non
1397 711 1636 757 recipiunt.

199 756 253 802 19,
276 756 309 791 3.
353 757 498 802 penitus
521 757 759 791 recondaris.
806 757 861 799 20,
884 756 918 792 4.
966 762 1171 806 sapientiae
1191 765 1354 798 veteris.
1399 765 1444 798 ib.
1469 765 1523 799 10.
1562 768 1638 800 nisi

196 814 439 860 apparuerit
467 812 632 858 aliquem.
680 813 762 846 ibid.
809 817 989 860 tamquam
1012 817 1184 860 meliora,
1216 820 1282 853 sed
1299 824 1518 867 praeparari
1539 831 1635 856 tam-

195 882 299 915 quam
313 868 450 915 facilia
471 879 537 901 om.
561 869 623 902 ad.
657 867 712 910 21,
724 869 758 903 3.
782 870 854 903 Idi
862 882 1012 905 omeneo
1033 880 1093 914 „et
1114 873 1162 906 ita
1181 886 1313 920 semper
1332 877 1519 911 nominat.“
1541 879 1587 912 ib.
1599 877 1631 912 6.

197 926 339 959 alienae
354 925 536 970 potentiae
549 923 732 970 fuerunt.
757 925 839 958 ibid.
864 927 903 959 in
915 928 1102 973 epistolam
1124 941 1331 976 magnum
1350 933 1500 967 venerit.
1521 933 1631 968 ib.10.

195 981 279 1016 bene
301 989 534 1027 accepturus
558 993 608 1014 es.
655 979 721 1022 23,
748 981 778 1014 1.
826 983 877 1015 ad
901 995 1098 1019 summam.
1145 985 1189 1018 ib.
1211 984 1246 1019 3.
1293 988 1464 1022 meditari
1487 989 1541 1022 de
1563 991 1632 1022 do-

194 1039 308 1072 lorum
331 1037 544 1083 patientia.
592 1034 657 1078 24,
683 1036 737 1070 11.
785 1039 876 1072 adeo
908 1052 1005 1074 mors
1027 1042 1188 1075 timenda
1211 1050 1265 1076 est
1286 1054 1352 1076 om.
1376 1055 1460 1077 non.
1505 1043 1629 1080 ib..17.

192 1107 255 1129 nec
280 1094 404 1127 Titii
427 1094 579 1126 viscera.
603 1093 649 1126 ib.
671 1092 727 1127 20.
761 1096 912 1128 veritati
931 1098 1182 1131 commendas
1200 1098 1320 1132 verba.
1354 1096 1410 1140 28,
1432 1099 1466 1132 5.
1498 1112 1631 1145 magno

190 1152 309 1184 animo
333 1150 379 1183 el
385 1162 408 1182 u
419 1158 573 1183 etantur.
612 1147 666 1190 29,
688 1148 721 1183 7.
758 1152 997 1185 intermitten
1008 1161 1034 1186 t.
1080 1152 1138 1195 30,
1159 1152 1192 1187 2.
1226 1155 1395 1189 iunctura
1416 1155 1627 1190 diducitur.

189 1207 269 1240 ibid.
294 1206 512 1250 deficiatur.
557 1204 614 1247 31,
637 1204 670 1239 8.
717 1207 800 1240 IVon
818 1220 884 1253 per
904 1210 1181 1245 Paeninum.
1224 1209 1292 1252 33,
1312 1210 1342 1244 1.
1387 1212 1474 1258 quia
1503 1213 1628 1246 insu-

187 1272 389 1310 spectatae,
414 1263 500 1308 quia
524 1263 653 1295 mirum
675 1272 739 1296 est.
786 1263 828 1296 ib.
848 1262 881 1296 2.
930 1265 1027 1298 nihil
1041 1266 1269 1300 inventurum
1286 1279 1364 1300 cum
1385 1269 1499 1301 inter
1511 1280 1626 1303 vene-

190 1322 250 1354 rit.
295 1320 338 1352 ib.
362 1317 395 1352 8.
444 1319 501 1352 ad
524 1320 723 1365 exemplar
740 1320 910 1366 pendere.
947 1320 991 1353 ib.
1015 1319 1056 1354 9.·
1086 1324 1356 1357 commodatur.
1386 1322 1443 1365 34,
1468 1323 1500 1357 1.
1535 1325 1625 1358 reli-

190 1388 319 1423 queras
341 1383 704 1422 supertegeraS.
746 1375 803 1417 35,
823 1374 857 1409 4.
903 1377 967 1409 ille
989 1389 1044 1410 ne
1065 1387 1299 1412 commovetur
1321 1380 1474 1425 quidem.
1517 1378 1575 1424 36,
1588 1380 1622 1414 4.

188 1432 431 1466 ridiculosa
454 1443 513 1465 res
535 1440 599 1466 est.
632 1431 677 1464 ib.
701 1429 734 1464 8.
759 1444 824 1465 nec
841 1433 960 1466 enim
983 1445 1070 1479 opus
1092 1443 1196 1468 esset.
1231 1434 1277 1468 ib.
1302 1434 1355 1468 10.
1389 1443 1424 1468 et
1444 1436 1484 1468 in
1505 1448 1624 1470 rerum

185 1498 326 1522 natura
350 1501 393 1521 ex
414 1499 495 1533 qua.
520 1486 577 1528 37,
602 1486 633 1520 1.
669 1498 892 1522 sacramento
913 1498 1087 1535 rogatus
1107 1502 1155 1524 es.
1195 1488 1252 1531 39,
1276 1489 1305 1523 1.
1336 1490 1551 1536 profutura
1573 1493 1623 1526 sit

184 1546 314 1579 ratio.
337 1544 394 1585 40,
420 1542 451 1576 1.
477 1544 684 1576 memoriam
702 1553 919 1578 revocant.
942 1543 998 1586 41,
1021 1544 1051 1577 1.
1077 1546 1128 1578 ad
1150 1558 1292 1579 aurem
1311 1546 1508 1588 simulacri.
1531 1547 1577 1580 ib.
1587 1544 1620 1580 6.

183 1610 315 1636 aurata
336 1599 421 1634 iuba
444 1601 667 1633 mittitur.
692 1591 738 1632 ib.
759 1598 792 1633 8.
816 1601 910 1634 alter
932 1601 1084 1635 alterni
1105 1602 1294 1636 trudimus.
1341 1603 1406 1634 Iur.
1431 1602 1470 1636 ci.
1506 1603 1622 1637 alter—

183 1659 232 1692 ni
254 1658 431 1691 trudimus
455 1668 520 1689 om.
544 1657 649 1689 alter.
677 1654 732 1697 45,
745 1655 778 1689 2.
813 1665 1114 1691 transnassem.
1147 1658 1192 1690 ib.
1213 1657 1247 1692 3.
1284 1660 1537 1705 emancipavi.
1560 1657 1616 1700 47,

184 1714 236 1748 12.
259 1711 618 1760 patremfamilias.
653 1712 697 1744 ib.
718 1710 771 1745 17.
808 1714 901 1746 iram
923 1722 1067 1746 evocet.
1101 1711 1158 1755 48,
1180 1711 1213 1747 4.
1254 1727 1298 1747 ex
1317 1715 1392 1748 istu
1415 1717 1484 1749 sci
1491 1716 1618 1750 entia.

183 1771 227 1803 ib.
250 1768 282 1803 6.
319 1770 457 1803 lusoria
481 1770 554 1802 ista
577 1770 791 1815 componis.
814 1769 858 1801 ib.
878 1768 931 1802 10.
953 1771 1241 1816 praestringat
1264 1771 1392 1805 oculos.
1417 1773 1479 1816 Ep.
1492 1768 1549 1813 49,
1563 1770 1615 1805 11.

182 1839 220 1860 se
238 1838 334 1859 mors
358 1834 539 1859 tantum
559 1837 670 1871 prope
690 1826 857 1860 ostendit.
880 1825 934 1866 50,
949 1825 981 1858 2.
1007 1827 1144 1859 domum
1167 1826 1466 1860 tenebricosam.
1490 1827 1546 1868 51,
1562 1826 1615 1860 12.

183 1885 221 1916 in
241 1883 410 1916 Ienica
431 1882 590 1916 Catonis.
638 1881 682 1914 ib.
708 1880 762 1915 13.
805 1895 892 1928 quos
910 1883 1180 1915 Pstilistas
1202 1883 1388 1929 Aegyptii.
1423 1880 1478 1924 66,
1493 1881 1546 1916 19.
1581 1891 1617 1917 et

181 1952 270 1984 quae
286 1952 353 1984 per
376 1939 481 1971 lata
499 1938 664 1984 procedit
685 1946 720 1971 et
741 1950 832 1983 quae
850 1951 916 1984 per
934 1938 1128 1971 stricta.
1165 1938 1211 1971 ib.
1230 1937 1286 1972 24.
1315 1951 1420 1984 quam
1443 1939 1615 1973 distri-

181 2004 274 2028 ctam
294 2004 327 2028 et
352 2006 546 2041 operosam.
570 1994 615 2026 ib.
637 1991 693 2026 26.
718 1997 890 2036 Quorsus
909 1994 1008 2026 haec.
1032 1994 1078 2026 ib.
1094 1991 1150 2027 40.
1182 1993 1313 2040 transf
1315 1995 1330 2028 i
1338 2007 1421 2028 xos
1444 2003 1507 2028 aut
1526 2007 1614 2028 exa-

181 2053 336 2084 nimatos
360 2051 614 2097 serpentium.
659 2049 704 2082 ib.
728 2048 784 2082 48.
820 2053 899 2095 Ego
920 2049 1174 2082 condubitem.
1211 2047 1276 2091 67,
1305 2047 1359 2083 13.
1395 2061 1466 2082 non
1488 2051 1616 2083 thure

182 2119 262 2140 nec
284 2109 403 2141 sertis.
451 2104 506 2147 69,
529 2103 565 2139 4.
607 2106 658 2139 ad
675 2105 874 2151 perfectum
901 2105 1102 2150 perducit.
1137 2105 1217 2137 ibid.
1253 2107 1408 2138 Interest
1433 2105 1531 2138 nihil
1548 2104 1616 2138 illa

182 2163 231 2195 ad
252 2175 315 2196 nos
332 2163 401 2196 sine
422 2175 481 2197 an.
515 2161 570 2203 70,
596 2162 628 2195 5.
663 2161 749 2195 bene
770 2162 861 2194 mori
881 2173 937 2193 an
960 2161 1065 2193 male.
1087 2160 1133 2193 ib.
1155 2159 1188 2193 8.
1215 2159 1466 2206 frequentibus
1486 2172 1615 2195 exse-

181 2219 286 2264 quiis.
309 2219 353 2250 ib.
374 2218 425 2251 15.
451 2220 513 2264 qui
536 2218 700 2251 excitet
721 2218 811 2250 dies.
845 2217 890 2249 ib.
918 2214 970 2249 18.
994 2229 1099 2262 quam
1123 2217 1308 2250 studiose
1326 2218 1426 2250 mori.
1450 2214 1546 2258 71,1.
1573 2218 1609 2259 -Ι-

181 2274 262 2306 sub
286 2287 414 2307 manu
438 2288 634 2321 quoque,
669 2274 732 2308 sub
762 2285 869 2306 manu
891 2273 984 2319 quod
1006 2273 1119 2306 aiunt.
1154 2272 1199 2305 ib.
1224 2269 1257 2304 6.
1292 2273 1354 2318 qui
1373 2273 1530 2306 animum
1547 2274 1613 2307 de-

181 2331 324 2362 mittunt
347 2339 379 2363 et
402 2343 465 2363 con
478 2344 526 2364 ve
538 2340 581 2364 rt
593 2344 614 2363 u
626 2343 648 2363 n
660 2339 684 2364 t.
711 2330 757 2362 ib.
774 2328 806 2362 7.
831 2330 995 2375 quisque
1018 2329 1110 2362 volet
1132 2328 1199 2362 tibi
1215 2329 1463 2362 contumeliam
1473 2328 1610 2374 faciat.

181 2386 224 2418 ib.
253 2385 305 2418 15.
342 2388 384 2419 si
408 2396 558 2420 naturae
583 2386 836 2420 remiscebitur.
872 2386 916 2418 ib.
937 2384 991 2418 28.
1029 2393 1062 2418 et
1085 2384 1280 2417 tremebit
1303 2385 1458 2428 sapiens.
1490 2385 1612 2429 probat

181 2444 319 2474 Iuretus.
346 2443 389 2474 cs.
412 2443 539 2475 Nonius
562 2443 738 2476 Marcellus
759 2454 787 2475 c.
814 2442 867 2475 10.
901 2445 955 2474 De
974 2442 1121 2474 mutatis
1143 2440 1465 2487 coniugationibus.
1493 2440 1540 2473 ib.
1552 2439 1607 2474 29.

175 2507 459 2543 procurrerent.
484 2499 527 2531 ib.
551 2498 607 2532 31.
633 2500 792 2545 rediget
815 2498 867 2532 ad
889 2498 1074 2544 liquidum.
1098 2495 1156 2540 72,
1166 2496 1199 2530 2.
1223 2497 1452 2530 incisione
1474 2496 1609 2530 scribe—

180 2567 229 2587 re.
265 2551 319 2593 74,
345 2552 377 2585 6.
403 2558 437 2592 4-
465 2556 571 2587 Hanc
598 2556 713 2588 enim
736 2556 940 2601 imaginem.
977 2554 1023 2586 ib.
1048 2553 1100 2587 11.
1136 2554 1270 2587 Natat
1290 2565 1391 2587 omne
1410 2553 1607 2586 consilium.

177 2609 257 2642 ibid.
292 2609 435 2642 sistat
459 2611 622 2643 voluntas
644 2620 779 2644 nostra.
813 2610 894 2643 ibid.
925 2610 1025 2644 ultra
1043 2621 1235 2643 summam
1257 2621 1327 2643 non
1348 2617 1402 2643 est
1420 2608 1528 2641 locus.
1561 2607 1606 2640 ib.

179 2663 233 2699 13.
268 2677 359 2710 quae
380 2677 444 2709 pro
465 2666 641 2710 primis
665 2668 794 2713 vulgus
815 2675 925 2713 optat.
957 2665 1037 2699 ibid.
1073 2674 1108 2699 et
1129 2666 1262 2700 relatio
1280 2665 1449 2712 gratiae,
1480 2665 1525 2696 si
1547 2665 1608 2697 ti-

177 2729 329 2755 metur
351 2720 462 2754 labor.
503 2720 548 2755 ib.
573 2719 625 2754 16.
662 2724 700 2755 in
727 2724 848 2756 animo
873 2723 1167 2756 contineamus.
1195 2721 1276 2755 ibid.
1309 2720 1359 2754 ad
1382 2720 1605 2766 pessimam.

175 2775 230 2818 76,
242 2774 276 2810 4.
300 2777 574 2810 contemnendus
596 2787 649 2811 est
671 2780 687 2811 i
693 2791 774 2824 pse
796 2787 1023 2826 contemptus.
1059 2778 1106 2813 ib.
1130 2777 1182 2811 11.
1219 2788 1325 2824 quam
1346 2776 1524 2823 specioso
1544 2776 1607 2809 in-

175 2833 312 2867 cumbat
333 2834 432 2868 lecto.
456 2833 500 2866 ib.
512 2831 566 2867 20.
604 2835 731 2868 Omnia
753 2836 871 2868 enim
893 2836 1078 2881 relinquis.
1110 2835 1154 2868 ib.
1178 2832 1234 2868 22.
1267 2833 1368 2868 ducit
1387 2840 1469 2866 aut
1491 2839 1603 2866 vocat.
