1742 3094
194 242 276 284 580
646 241 688 280 L.
718 240 914 280 ANNAEI
946 240 1174 281 SENECAE

145 369 177 398 π
198 360 372 411 spectat,
405 353 504 396 alius
524 366 655 395 rerum
678 359 817 395 slatus.
878 352 1065 395 Nondum
1087 354 1238 395 eoelum
1261 353 1334 395 nisi
1355 367 1407 395 ex
1426 353 1629 396 interuallo

196 424 273 478 pati
303 411 526 478 possumus.
588 420 760 462 Proinde
798 421 1014 478 intrepidus
1055 421 1189 463 horam
1230 422 1332 464 illam
1374 421 1631 463 decretoriam

196 491 399 547 prospicez
432 504 510 530 non
531 496 592 531 est
613 489 743 530 animo
764 503 960 547 suprema,
992 490 1063 531 sed
1080 490 1251 546 corpori.
1313 488 1507 544 Quicquid
1529 489 1632 530 circa

198 567 235 600 te
258 558 362 600 iacet
390 572 520 599 rerum
553 565 745 612 tamquam
775 557 976 612 hospitalis
997 558 1074 599 -loei
1099 558 1275 599 sarcinas
1304 564 1460 613 specta:
1507 563 1632 598 trans-

197 627 364 668 eundum
388 632 463 667 est.
524 624 689 666 Excutit
707 625 935 666 redeuntem
968 632 1108 666 natura
1133 625 1235 667 sieut
1250 626 1476 667 intrantem.
1536 623 1631 666 Non

197 695 289 736 lieet
316 694 401 749 plus
433 694 576 734 efferre
612 706 724 747 (piam
752 692 956 733 intuleris:
1002 692 1120 733 immo
1150 693 1266 734 etiam
1297 706 1351 734 ex
1379 707 1427 734 eo
1458 692 1559 748 quod
1584 692 1632 733 ad

146 776 180 804 25
199 763 317 803 uitam
350 760 521 803 adtulisti
555 774 645 816 pars
666 774 810 815 >magna
842 760 1021 815 ponenda
1044 767 1120 802 est.
1180 758 1420 801 Detrahetur
1445 759 1632 801 tibi'haec

198 829 470 880 circumiecta,
518 828 773 869 nouissimum
814 828 1074 876 uelamentum
1105 828 1188 881 tui,
1225 827 1350 870 -eutis⁴
1402 827 1635 870 detrahetur

198 911 288 938 earo
313 903 352 938 et
375 896 558 938 subfusus
579 896 739 951 sanguis
768 896 1068 951 discurrensque
1094 910 1165 952 per
1185 903 1323 937 totum.
1383 895 1637 936 detrahentur

199 979 291 1007 ossa
323 964 535 1018 neruique,
582 964 824 1005 firmamenta
855 964 1125 1005 ssuidorum.ac
1146 964 1375 1005 labentium.
1435 962 1534 1005 Dies
1559 962 1634 1004 iste

198 1047 312 1088 quem
345 1039 536 1086 tamquam
569 1039 789 1072 extremum
818 1032 1049 1079 reformidas
1076 1032 1227 1073 aeterni
1252 1031 1391 1072 natalis
1420 1038 1495 1072 est.
1554 1028 1635 1072 De-

150 1139 157 1147 ,
199 1114 299 1156 pone
321 1113 446 1140 onus:
490 1099 579 1154 quid
604 1099 801 1140 cunctaris
818 1131 828 1150 ‚
857 1107 1067 1154 'tamquam
1088 1114 1167 1140 non
1190 1099 1296 1154 prius
1319 1112 1470 1154 quoque
1498 1097 1635 1138 relicto

149 1184 183 1211 20
200 1168 239 1210 in
260 1173 337 1223 'quo
363 1167 513 1208 latebas
533 1180 699 1222 corpore
721 1166 899 1208 exieris?
956 1166 1134 1219 Haeres,
1166 1166 1396 1208 reluctaris:
1429 1174 1520 1207 tune
1541 1179 1635 1220 quo·-

201 1249 275 1291 que
300 1249 442 1289 magno
478 1235 566 1276 nisu
595 1234 733 1276 matris
756 1235 944 1289 expulsus
970 1248 1028 1275 es.
1092 1233 1254 1285 Gemis,
1297 1234 1453 1290 ploras:
1499 1240 1539 1274 et
1563 1233 1635 1274 hoc

199 1303 325 1358 ipsum
352 1302 447 1343 flere
469 1302 666 1343 nascentis
696 1308 770 1343 est.
834 1300 916 1344 Sed
939 1309 1029 1343 tune
1056 1302 1222 1343 debebat
1249 1301 1426 1357 ignosci:
1471 1300 1579 1342 rudis
1598 1306 1637 1342 et

198 1370 391 1426 inperitus
431 1370 602 1411 omnium
647 1383 828 1412 ueneras.
890 1384 943 1411 ex
972 1376 1239 1412 maternorum
1278 1370 1473 1411 uiscerum
1512 1368 1636 1410 calido

198 1438 380 1492 mollique
403 1438 575 1479 fomento
600 1438 785 1479 emissum
809 1438 965 1479 adssauit
985 1452 1081 1479 aura
1104 1438 1286 1490 liberior,
1318 1437 1455 1479 deiude
1476 1433 1643 1478 offendit*

199 1507 319 1547 durae
336 1519 474 1546 manus
492 1510 626 1546 tactus
659 1513 845 1561 tenerque
879 1506 1002 1547 adhuc
1020 1513 1060 1547 et
1078 1506 1221 1547 nullius
1240 1505 1308 1547 rei
1337 1519 1482 1560 gnarus
1504 1504 1637 1546 obstu-

198 1574 315 1629 puisti
344 1574 448 1614 inter
476 1573 624 1628 ignota.
686 1572 805 1614 Nunc
836 1574 904 1614 tibi
935 1588 1014 1614 non
1045 1580 1106 1614 est
1135 1588 1280 1615 nouum
1310 1572 1485 1628 separari
1510 1572 1557 1613 ab
1587 1586 1635 1613 eo

200 1641 311 1682 cuius
343 1647 433 1681 ante
464 1654 554 1696 pars
586 1640 731 1681 fueris:
777 1655 902 1696 aequo
938 1641 1067 1682 animo
1097 1641 1270 1682 membra
1293 1641 1372 1681 iam
1392 1653 1635 1695 superuacua

149 1720 183 1749 27
202 1709 351 1750 dimitte
371 1715 412 1748 et
429 1708 528 1749 istuc
541 1722 688 1763 -eorpus
706 1708 960 1749 inhabitatum
983 1709 1047 1749 diu
1066 1721 1183 1763 pone.
1237 1705 1463 1758 Scindetur,
1495 1706 1635 1748 obrue-

198 1783 288 1827 tur,
334 1775 566 1817 abolebitur.
642 1773 746 1829 Quid
777 1776 1051 1817 contristaris?
1097 1776 1152 1816 ita
1180 1775 1281 1816 solet
1313 1775 1425 1816 fieri:
1468 1781 1633 1831 pereunt

199 1857 318 1899 saepe
350 1843 570 1884 uelamenta
602 1844 858 1885 nascentium.
921 1842 1024 1898 Quid
1053 1843 1129 1885 ista
1159 1843 1215 1884 sic
1245 1842 1372 1898 diligis
1402 1842 1510 1897 quasi
1541 1844 1635 1884 tua?

199 1912 284 1952 istis
320 1918 479 1966 opertus
503 1925 560 1951 es.
625 1910 764 1952 Ueniet
797 1912 859 1968 qui
885 1919 920 1953 te
949 1912 1099 1953 reuelet
1135 1910 1217 1952 dies
1244 1917 1358 1952 etex
1381 1909 1634 1951 contubernio

200 2036 294 2057 mus
319 2032 362 2057 et
386 2033 607 2070 tanquam
624 2033 779 2069 partum.
806 2026 893 2061 θῖ-

200 2071 263 2107 OEl.
283 2085 328 2098 Ξ
354 2071 391 2102 in
413 2070 524 2102 alium
554 2083 587 2102 m
598 2083 619 2102 a
631 2079 644 2102 ι
656 2083 677 2102 ιι
689 2083 707 2102 r
718 2083 740 2103 α
754 2083 773 2102 e
801 2071 893 2115 (ma-
943 2070 1013 2103 Col.
1029 2085 1071 2097 =
1084 2081 1228 2115 corpore
1251 2081 1344 2102 exet
1356 2077 1370 2101 t
1381 2069 1491 2102 eris.
1540 2068 1570 2103 ’Σί
1589 2083 1632 2096 ==

199 2123 277 2147 ture
287 2117 305 2158 )
334 2128 351 2148 S
361 2128 383 2148 u
393 2116 494 2147 mim
504 2127 526 2147 u
537 2127 556 2148 s
574 2124 728 2161 partum.
775 2117 831 2151 {Ru
850 2134 895 2139 —
941 2127 1085 2160 corpore
1127 2127 1146 2147 e
1154 2127 1178 2147 x
1189 2123 1203 2147 t
1212 2127 1234 2147 ιι
1245 2127 1264 2148 e
1273 2127 1292 2147 r
1303 2116 1354 2147 is.
1414 2113 1498 2146 Rell.
1533 2113 1631 2145 etiam

197 2160 303 2198 &4-72
313 2172 336 2192 a
346 2168 360 2192 t
369 2172 391 2192 ιι
401 2173 419 2192 r
431 2172 452 2192 α
466 2174 484 2192 e
507 2162 784 2194 maturescimus.
804 2160 893 2203 quod
941 2161 999 2192 Gr.
1021 2160 1112 2192 Pinc.
1131 2173 1163 2190 ω
1174 2184 1181 2191 .

198 2203 375 2237 delendum
395 2216 466 2236 esse
488 2212 606 2248 postea
620 2205 709 2237 rvidit
722 2208 784 2238 Sw.
809 2207 838 2237 R
849 2224 890 2228 ——
983 2218 1038 2253 26·
1062 2223 1095 2256 Q
1106 2239 1150 2245 —,
1165 2222 1228 2255 ,mn
1246 2225 1279 2258 ἦ,
1299 2221 1440 2253 Hane-5.
1469 2233 1487 2253 e
1497 2228 1512 2252 ε
1536 2219 1630 2252 relu-

198 2261 326 2282 rerum'
939 2267 1062 2298 claris.
1103 2266 1171 2299 ‘Gn
1193 2281 1239 2293 =
1262 2274 1277 2298 t
1286 2277 1309 2297 ιι
1332 2277 1463 2311 quoque
1490 2276 1629 2311 magno.

241 2292 297 2326 24.
322 2294 382 2326 BG
394 2309 438 2321 Ξ
451 2306 556 2346 sap-p
567 2307 675 2327 rema.
723 2296 748 2325 Β
763 2295 822 2337 (cr.
837 2294 889 2336 ω)

200 2338 266 2373 (3θί
275 2340 362 2374 -ἕΒ
374 2355 419 2366 =
433 2351 599 2372 Sarcinas
619 2348 714 2384 spect
726 2351 748 2370 a
758 2347 782 2370 t.
833 2339 891 2370 GR
938 2311 972 2346 m
982 2329 1029 2335 —
1040 2311 1103 2346 wa
1113 2326 1159 2338 Ξ
1171 2319 1186 2343 ι
1195 2323 1217 2343 u
1229 2323 1263 2343 m
1296 2322 1437 2362 quoquf'
1484 2310 1511 2341 R
1525 2310 1627 2354 (moe’)

940 2367 1041 2387 :ex
1062 2357 1354 2389 minimorum
1381 2367 1561 2388 tuscerum.
1596 2356 1629 2390 θῖ

940 2023 998 2057 Pl.
1014 2025 1048 2059 §R
1060 2042 1106 2048 —
1119 2025 1181 2062 OE2.
1194 2039 1239 2052 Ξ
1252 2035 1395 2075 corpore
1416 2035 1459 2055 ex
1469 2023 1530 2056 tit
1541 2023 1632 2056 eris.
1692 2033 1699 2037 ·
1738 2023 1742 2026 ”

198 2383 303 2416 maior
324 2395 400 2427 pars
415 2383 610 2427 p9P1.2.5
631 2400 675 2411 Ξ
699 2385 782 2416 Non
813 2383 896 2416 licet

196 2430 333 2474 peius
358 2430 496 2472 efferre.
547 2429 617 2460 Col.
641 2446 686 2457 Ξ
708 2429 789 2461 Non
811 2429 893 2470 licet

195 2475 334 2518 penis
350 2475 489 2525 pria-s·
510 2474 646 2531 efferre.
673 2475 893 2530 βΞΡι-ἰαε

199 2518 338 2563 efferre.
385 2520 410 2551 R
427 2519 504 2564 (ht.)
522 2522 552 2551 (ι
565 2519 664 2563 (san.)
690 2520 746 2552 ΡΖ.
761 2519 793 2552 ὀ.
818 2519 888 2552 Col.

195 2579 242 2643 :ft-
263 2576 368 2610 quam
385 2566 538 2642 lintuler
548 2566 594 2597 it.
643 2566 671 2598 ¹2(
697 2583 743 2588 -
763 2578 804 2596 m·
839 2576 891 2642 εοὶ

196 2621 502 2688 iv1‘tonzecidti13i‘iii
524 2611 588 2687 ((ῗὲιῖ
608 2612 759 2689 (τά.ῶωί
773 2622 889 2690 -Ψέῗίια

194 2714 239 2727 Ξ
252 2701 300 2732 in
326 2701 435 2733 vitam
455 2706 570 2732 contra
590 2706 694 2733 mstos
714 2700 813 2731 etiam
829 2701 887 2732 Gr.

238 2743 293 2777 25.
320 2746 378 2777 BG
392 2746 450 2789 (cr.
468 2745 521 2789 ω)
535 2745 564 2778 R
579 2757 617 2789 ρρ
628 2745 685 2777 Gr.
706 2745 771 2780 xm
795 2764 837 2769 —-
854 2747 886 2780 (ὃ

193 2805 237 2818 Ξ
250 2790 389 2823 ΒειναΙι
399 2804 418 2822 e
429 2802 451 2822 n
462 2799 521 2823 tur
541 2790 607 2823 tibi
626 2790 713 2823 haee
734 2791 888 2822 circum-

191 2836 297 2868 iecta.
346 2835 375 2867 G
391 2835 477 2879 (sm)
502 2850 547 2864 Ξ
567 2844 756 2868 extremum
785 2835 837 2880 fo
847 2848 887 2868 r-

192 2881 319 2913 midas.
369 2880 398 2911 G
413 2881 459 2923 (m
474 2880 524 2923 ω)
550 2892 587 2923 ρρ
610 2882 692 2923 (exc.
711 2882 814 2924 ιλσχῴ
832 2880 883 2921 ω)

939 2419 985 2426 ·--·
1004 2402 1037 2435 (S
1057 2416 1102 2428 Ξ
1125 2404 1288 2434 Demum
1329 2400 1488 2445 qffendit.
1537 2400 1567 2431 G
1586 2415 1629 2428 Ξ

940 2447 1080 2478 Deinde
1100 2459 1119 2478 o
1130 2447 1282 2480 stendit.
1309 2445 1443 2490 G(S.m.')
1455 2443 1514 2478 P3.
1529 2444 1626 2490 (sm.)

939 2491 1010 2523 Col.
1024 2507 1068 2519 Ξ
1082 2493 1248 2537 separari
1270 2491 1314 2524 ab
1338 2503 1360 2524 α
1372 2504 1390 2524 e
1401 2503 1422 2524 ν
1433 2503 1464 2524 0.

1438 2546 1498 2579 GR
1509 2546 1630 2582 'ttin—

982 2548 1031 2580 ist
1043 2560 1094 2580 uc
1117 2560 1243 2594 eorpus
1263 2563 1308 2575 =
1331 2548 1368 2579 B.

937 2595 970 2629 ἓ
984 2609 1028 2621 Ξ
1041 2594 1089 2626 isc
1101 2605 1123 2626 u
1134 2594 1159 2626 d
1181 2605 1317 2639 corpus.

979 2653 1033 2688 27.
1071 2657 1228 2688 Pereunt
1265 2667 1284 2687 s
1302 2666 1360 2686 ae.
1374 2664 1433 2698 pe
1469 2667 1514 2681 =
1549 2663 1624 2684 mss.

938 2700 1021 2743 (exc.
1036 2700 1068 2744 τ)
1100 2699 1200 2732 etiam
1229 2699 1319 2732 Pinc.
1346 2699 1403 2731 Gr.
1426 2699 1475 2730 Ss.
1499 2698 1563 2733 Ϊθῖ
1583 2717 1626 2722 --

935 2747 1001 2782 (92.
1064 2757 1084 2779 τ
1094 2744 1183 2778 Pinc.
1197 2745 1237 2777 ci.
1251 2744 1278 2779 (ξ
1289 2762 1331 2769 -
1341 2743 1405 2778 ὓὶῖα
1416 2757 1461 2770 =
1471 2744 1628 2776 Pereunt

935 2802 953 2823 s
963 2802 982 2823 e
993 2801 1025 2822 m
1033 2802 1060 2835 p
1070 2802 1089 2822 e
1098 2802 1128 2823 r.
1155 2790 1249 2822 Grut.
1265 2788 1305 2822 ci.
1315 2803 1360 2817 =
1372 2790 1529 2821 Pereunt
1551 2800 1573 2820 a
1585 2801 1624 2821 ‹e-

933 2847 1027 2879 que.
1074 2835 1228 2881 B=qui
1246 2841 1282 2866 te
1312 2833 1509 2866 revellat
1533 2833 1622 2866 dies.

936 2881 997 2915 Gz
1008 2895 1053 2908 Ξ
1065 2881 1127 2923 qni
1150 2887 1185 2913 te
1206 2878 1290 2911 rele
1299 2890 1321 2910 ν
1333 2891 1352 2911 e
1361 2886 1375 2911 t
1399 2878 1488 2911 dies.
