1742 3094
172 215 228 258 22
622 215 666 254 L.
699 214 897 254 ANNAEI
928 213 1160 254 SENECAE

174 326 292 367 immo
309 339 406 366 uero
427 325 624 366 crudelior
643 332 683 366 et
699 325 961 377 inhumanior,
988 326 1077 380 quia
1091 326 1195 367 inter
1212 325 1390 367 homines
1405 326 1474 368 fui.
1507 325 1616 369 Casu

174 393 217 434 in
239 392 495 434 meridianum
515 393 777 448 spectaculum
804 392 922 433 incidi
951 392 1060 434 lusus
1082 400 1287 448 aspectans
1307 400 1346 434 et
1363 395 1464 435 sales
1490 401 1530 435 et
1546 395 1616 436 ali-

175 459 266 514 quid
289 460 523 511 laxamenti,
557 475 632 514 quo
659 461 857 501 hominum
887 460 990 500 oculi
1016 460 1064 500 ab
1092 460 1259 501 humano
1290 475 1431 502 cruore
1451 453 1616 517 *adquie-

141 540 158 566 3
175 533 302 569 scant.
362 524 513 568 Contra
542 534 629 568 est:
671 527 852 582 quicquid
878 534 968 568 ante
994 535 1204 582 pugnatum
1230 534 1319 579 est,
1348 528 1617 570 misericordia

173 594 260 636 fuit.
305 593 425 636 Nunc
447 595 604 636 omissis
628 595 743 650 nugis
762 608 871 635 mera
890 594 1098 645 homicidia
1116 602 1230 636 sunt:
1263 595 1360 636 nihil
1379 596 1522 637 habent
1539 611 1615 651 quo

173 668 371 717 tegantur.
431 663 478 703 ad
513 662 632 703 ictum
670 663 763 703 totis
793 662 1022 717 corporibus
1048 662 1218 717 expositi
1241 677 1448 717 numquam
1473 664 1618 705 frustra

173 743 328 770 manum
351 729 522 770 mittunt.
585 729 673 771 Hoc
693 730 867 785 plerique
891 729 1099 770 ordinariis
1121 729 1278 785 paribus
1301 737 1340 771 et
1361 731 1616 786 postulaticiis

172 798 413 851 praeferunt.
474 796 621 851 Quidni
641 798 889 852 praeferant?
919 811 999 837 non
1018 796 1152 851 galea,
1185 811 1264 838 non
1287 804 1399 838 scuto
1417 799 1618 854 repellitur

174 864 336 904 serrum.
398 862 488 918 Quo
511 863 778 904 munimenta?
808 877 883 917 quo
905 865 1037 903 artes?
1068 860 1212 904 Omnia
1229 863 1305 905 ista
1324 865 1462 906 mortis
1484 880 1618 907 morae

174 937 278 970 sunt.
340 928 463 971 Mane
486 930 667 971 leonibus
695 937 735 971 et
759 930 865 971 ursis
895 930 1099 981 homines,
1141 930 1305 971 meridie
1334 933 1617 986 spectatoribus

139 1012 154 1039 4
174 997 257 1037 suis
296 997 534 1038 obiciuntur.
610 996 894 1043 Interfector-es
930 997 1196 1038 interfecturis
1235 998 1371 1039 iubent
1408 999 1536 1051 obici,
1578 1008 1618 1042 et

174 1064 364 1105 uictorem
393 1065 434 1105 in
464 1065 578 1106 aliam
609 1065 784 1106 detinent
812 1064 985 1105 caedem.
1047 1063 1192 1104 Exitus
1227 1066 1478 1119 pugnantium
1510 1082 1617 1109 mors

173 1137 258 1172 est:
299 1132 406 1172 ferro
429 1139 468 1172 et
488 1132 581 1187 igne
602 1146 669 1173 res
690 1132 856 1186 geritur.
929 1130 1040 1172 Haec
1068 1131 1188 1183 fiunt,
1220 1133 1310 1172 dum
1335 1140 1447 1174 uacat
1478 1147 1613 1175 arena.

175 1194 256 1239 Sed
279 1199 527 1240 latrocinium
547 1199 642 1240 fecit
661 1199 815 1254 aliquis.
878 1197 984 1254 Quid
1007 1212 1102 1253 ergo
1122 1199 1292 1240 meruit?
1330 1199 1385 1242 Ut
1404 1202 1617 1256 suspenda-

217 1310 325 1344 immo
346 1322 442 1344 vero.
476 1312 504 1343 E
525 1328 573 1336 -
595 1323 691 1344 vero.

216 1357 322 1389 Casu.
359 1357 478 1389 Av—
497 1358 648 1389 Casu—
669 1367 739 1388 non
755 1364 874 1402 potest

172 1400 322 1433 discere.
359 1402 389 1446 §.
413 1404 449 1438 6.

217 1445 468 1479 meridianum.
518 1445 592 1480 Τιε
616 1460 663 1475 =
697 1446 874 1479 meridia-

172 1501 194 1521 n
207 1503 227 1523 ο
236 1502 286 1523 ru
297 1502 343 1523 m.

217 1554 411 1590 aspectans
430 1561 477 1576 ==
497 1547 542 1579 Pr
553 1548 596 1578 Sc
606 1548 648 1582 X.
693 1549 724 1580 T
734 1548 874 1592 αβεζνοτ

187 1591 228 1633 Ε)
251 1592 387 1626 §st—§8
413 1592 514 1627 ‘Dt—
529 1592 563 1626 Ε
584 1607 630 1620 .--.
649 1600 870 1637 exspectans.

204 1636 233 1668 R
246 1635 292 1667 Sb
302 1635 356 1667 Pr.
369 1635 436 1667 abd
449 1637 478 1671 (ξ
491 1639 577 1673 1.-
588 1638 621 1671 (5
634 1651 681 1665 ==
693 1645 870 1681 spectans.

170 1682 358 1723 Utrumque
374 1680 527 1713 scholion
546 1692 617 1713 esse
630 1688 719 1713 ratus
734 1682 870 1714 verbum

170 1724 302 1768 reposui
323 1724 429 1758 minus
451 1725 619 1758 usitatum.
659 1727 754 1759 Grut.
777 1727 806 1759 ci
825 1741 871 1754 =

171 1781 333 1815 sperans.

219 1814 298 1847 col.
311 1829 358 1843 ==
379 1816 626 1861 acquiescunt,
659 1816 750 1860 quod
770 1827 871 1860 prae-

171 1859 239 1892 fert
263 1860 338 1892 Grt.

215 1913 250 1947 3.
288 1917 420 1948 Contra
441 1924 505 1950 est.
541 1917 566 1949 P
588 1932 634 1946 =
655 1926 811 1951 contrat
824 1918 873 1950 ia

171 1972 195 1992 α
203 1972 222 1992 r
231 1970 261 1992 s.

216 2012 302 2036 ante
326 2017 441 2050 pugn.
484 2007 564 2050 Arg.
596 2006 619 2039 b
646 2022 692 2036 =
722 2019 779 2040 an
793 2015 873 2040 tea

167 2060 280 2095 pugn.
316 2050 346 2084 Ἠ
366 2064 412 2078 =
434 2060 586 2084 autem
607 2064 643 2097 p.

217 2094 478 2128 misericordia.
504 2096 588 2127 G=
601 2098 729 2130 maria.
752 2097 873 2129 mG=

172 2138 211 2170 in
231 2149 356 2171 arena.

215 2183 306 2215 T=
328 2182 453 2216 homic.
469 2183 625 2228 siunt.

216 2227 267 2260 ad
289 2229 406 2261 ictum.
444 2240 492 2263 mt
513 2243 560 2258 =
582 2230 632 2262 ad
660 2230 823 2262 iocum.

216 2273 304 2305 totis
325 2283 461 2319 corpor.
485 2286 502 2307 ν
514 2289 561 2303 =
580 2282 618 2307 to
630 2283 644 2307 ι
655 2286 674 2306 o
698 2286 802 2320 corpo
812 2287 831 2307 r
841 2287 870 2309 e.

218 2316 289 2349 col.
305 2331 351 2345 =
373 2318 595 2365 plerisque.
632 2320 666 2355 ffi
688 2333 734 2348 ==
753 2332 779 2365 Ρ
793 2320 868 2352 lu·

171 2373 192 2393 r
203 2362 300 2406 ique.

212 2405 374 2451 paribus.
421 2408 482 2440 GR
504 2410 582 2454 αβζι
601 2409 636 2443 §R
653 2427 699 2433 —
724 2411 798 2447 (Ξῖ.
824 2424 869 2438 =

168 2451 345 2496 partibus.
382 2463 404 2495 γ
422 2467 468 2481 =
487 2454 660 2499 patribus-

213 2507 470 2552 poseulaeiciis.
505 2511 585 2553 Arg.
606 2509 686 2542 b=
703 2511 870 2555 postula-

171 2552 277 2585 ciis.
315 2553 344 2587 ‘1
360 2567 407 2582 =
424 2555 727 2599 postulanciis.
765 2567 808 2600 αγ
830 2561 863 2594 -1-

171 2604 209 2628 ue
227 2598 266 2629 in
285 2598 585 2642 expeditionem.
613 2601 690 2638 032.
707 2605 741 2638 -Ι-
767 2609 807 2633 ut
829 2602 869 2634 in

171 2642 315 2687 expedit
327 2644 341 2674 i
353 2655 373 2675 o
383 2655 406 2675 n
416 2656 445 2676 e.

204 2685 362 2731 ferrum.
396 2701 470 2721 τε
488 2690 553 2722 uni
571 2701 644 2722 sm.

213 2754 283 2788 quo
295 2751 405 2777 artes.
428 2759 476 2773 =
485 2745 571 2778 PTE
583 2745 650 2778 sbc
659 2745 781 2779 Pr.abd
795 2746 866 2779 col.

169 2787 199 2821 'X
220 2788 349 2825 &2-
366 2789 424 2825 5112.
459 2790 551 2822 RrP.
562 2789 595 2823 2.
607 2789 631 2824 3
643 2792 683 2834 (s.
696 2791 755 2834 m.)
778 2792 868 2826 ffi—

169 2833 198 2867 (Ξ
221 2836 252 2870 ί.
272 2847 318 2862 ==
349 2845 416 2879 quo
444 2847 584 2868 arces.
633 2836 657 2868 P
677 2834 711 2869 4.
740 2841 773 2875 -ἣ-
800 2847 867 2881 quo

919 1309 1084 1356 gladii
1106 1322 1190 1355 quo
1212 1319 1323 1344 arces.
1358 1309 1466 1344 GPl.
1480 1310 1514 1345 3.
1539 1313 1617 1347 2-

919 1357 984 1390 {mn
1008 1359 1043 1393 4
1067 1367 1134 1400 quo
1155 1356 1332 1400 gladii
1352 1364 1463 1391 artes.

964 1402 1195 1434 r=mortis
1213 1413 1372 1434 merae.
1393 1413 1465 1433 sm.
1491 1401 1617 1439 61.-

920 1446 956 1479 (5
975 1461 1021 1473 =
1043 1453 1200 1478 mortes
1223 1458 1386 1480 merae.
1419 1447 1615 1480 T=mor-

919 1491 969 1522 tis
990 1503 1024 1523 m
1034 1502 1054 1522 o
1065 1502 1085 1522 r
1095 1503 1114 1522 e
1123 1502 1153 1523 s.
1307 1494 1309 1497 '

941 1543 1112 1612 bspectat.
1138 1535 1226 1569 suis.
1272 1537 1299 1568 B
1325 1540 1361 1577 -47
1388 1535 1412 1569 Ιι
1425 1547 1445 1568 o
1457 1548 1491 1568 m
1505 1537 1519 1568 i
1531 1548 1555 1568 n
1567 1549 1587 1569 e
1597 1548 1616 1569 s

919 1592 938 1612 ο
961 1593 986 1613 ι.

961 1627 993 1662 4.
1028 1623 1285 1669 Interfectores
1305 1624 1552 1672 interfecturis
1570 1642 1616 1655 =

917 1671 959 1701 Sc
980 1670 1071 1702 Pinc.
1093 1681 1143 1702 ex.
1165 1670 1271 1703 schol.
1293 1671 1323 1705 Ἰί
1340 1672 1420 1707 2—-
1440 1673 1487 1708 Θ.
1553 1683 1614 1704 ms.

919 1715 1024 1747 Gron.
1064 1714 1312 1759 interfecturis
1355 1716 1613 1760 interfectores.

916 1760 1047 1792 PGRT
1059 1761 1145 1791 BEV
1164 1771 1254 1803 γιοντ
1273 1761 1330 1793 Sb.
1349 1762 1419 1794 Prr.
1443 1763 1501 1794 Gr.
1523 1763 1615 1797 ffl—

918 1807 952 1840 (5
970 1820 1015 1832 =
1040 1803 1289 1848 interfectores
1309 1807 1324 1838 i
1334 1818 1356 1838 n
1368 1815 1383 1838 t
1392 1819 1411 1838 e
1421 1806 1495 1851 rfe
1504 1819 1524 1839 c
1532 1815 1549 1839 t
1559 1807 1614 1846 is,

918 1849 1009 1894 quod
1034 1849 1115 1881 ferri
1143 1861 1242 1893 posse
1267 1861 1336 1883 non
1366 1857 1493 1883 temere
1522 1851 1615 1895 quis-

919 1906 1016 1938 quam
1038 1893 1168 1927 dixerit.
1219 1894 1301 1927 Cod.
1325 1896 1412 1928 Mur.
1431 1911 1478 1925 ==
1498 1897 1614 1929 incer-

908 1940 1070 1985 feccores
1091 1940 1188 1973 inter
1199 1951 1246 1972 se
1257 1948 1302 1972 cc
1313 1941 1327 1972 i
1337 1953 1365 1974 s.
1399 1941 1487 1974 unde
1505 1942 1550 1976 {m
1569 1955 1615 1970 =2

918 1983 1168 2028 interfectores
1192 1985 1207 2017 i
1217 1997 1240 2016 n
1253 1993 1267 2017 ι
1279 1997 1299 2017 e
1310 1997 1330 2017 r
1353 1997 1371 2018 s
1382 1998 1411 2020 e.

965 2030 1094 2062 iubent.
1128 2030 1176 2062 Rr
1193 2031 1219 2062 P
1238 2029 1272 2062 3.
1293 2029 1327 2062 4.
1353 2031 1382 2065 Q
1397 2034 1428 2068 1.
1447 2049 1494 2056 —-
1516 2032 1551 2067 ἓ
1570 2046 1616 2060 ==

918 2074 1094 2107 iubentur.
1121 2076 1186 2106 Sw.
1206 2074 1242 2106 in
1261 2075 1370 2107 IVotis
1388 2075 1538 2118 praefert
1556 2077 1614 2109 iu-

918 2118 1012 2161 bent,
1037 2118 1126 2161 quod
1138 2119 1173 2150 in
1182 2118 1254 2150 rell.
1277 2130 1353 2150 mss.
1372 2126 1407 2151 et
1427 2121 1455 2154 X
1467 2121 1614 2156 {lt—8.

963 2164 998 2198 {R
1013 2177 1058 2190 =
1077 2164 1303 2208 pugnacium.

965 2208 996 2238 G
1014 2223 1060 2236 =
1084 2209 1235 2240 victores
1256 2220 1301 2240 cr.
1328 2221 1378 2240 ω.

961 2253 1118 2287 ΤΕι-Βανι
1153 2252 1200 2296 (in
1233 2252 1299 2285 hoc
1332 2253 1486 2298 suppleta
1522 2255 1611 2298 sunt)

917 2296 983 2329 Sbc
1005 2297 1128 2330 Pr.abd
1149 2298 1236 2332 ‘21—
1252 2299 1409 2331 meruit?
1460 2301 1508 2332 Ut
1532 2311 1613 2333 sus-

912 2343 1103 2388 pendatur.
1138 2343 1254 2386 Itaque
1271 2354 1345 2375 cum
1360 2343 1462 2375 etiam
1481 2355 1501 2376 a
1513 2343 1612 2376 codd.

916 2386 1090 2420 Alderbac.
1120 2387 1253 2430 Erlang.
1272 2387 1482 2432 Norimberg.
1503 2388 1613 2422 absint

914 2432 1007 2472 haec,
1034 2431 1175 2464 delenda
1194 2443 1265 2464 esse
1283 2439 1396 2466 censet
1414 2444 1446 2466 v.
1470 2433 1511 2467 cl.
1534 2434 1609 2466 Lu—

915 2477 993 2511 dov.
1015 2476 1058 2509 de
1076 2478 1136 2509 Jan
1159 2476 1193 2509 in
1215 2477 1380 2520 Symbolis
1402 2489 1436 2521 p.
1451 2477 1505 2511 10.
1543 2477 1610 2511 Sed

913 2528 1048 2554 tuentur
1070 2533 1109 2554 ea
1132 2522 1210 2554 satis
1232 2522 1450 2566 mss.optimi‚
1473 2533 1537 2556 nec
1558 2529 1610 2564 qut

915 2566 1005 2610 quod
1043 2578 1115 2600 cum
1145 2568 1229 2599 Jano
1262 2566 1471 2600 offendamur
1497 2568 1607 2600 Praoe.

914 2618 1016 2655 temp.
1040 2612 1290 2657 suspendatur.
1350 2611 1491 2644 Restitui
1511 2617 1610 2644 vete-

914 2668 985 2689 rem
1003 2656 1261 2690 distinctionem.
1307 2658 1347 2689 In
1366 2658 1497 2689 Btotus
1518 2656 1610 2688 locus

915 2702 1010 2743 Quid
1031 2713 1119 2747 ergo
1136 2719 1181 2727 —-
1201 2701 1350 2734 moritur
1370 2712 1527 2745 perverso
1552 2712 1611 2734 or-

914 2747 991 2778 dine
1010 2747 1140 2790 legitur.
1179 2747 1271 2789 Lips-
1294 2746 1324 2778 ci
1337 2754 1434 2778 =ut
1452 2746 1506 2779 sic
1525 2757 1610 2790 per-

913 2792 1033 2825 datur.
1058 2793 1110 2824 De
1126 2790 1283 2836 patibulo
1291 2790 1386 2834 plura
1398 2790 1500 2823 docet
1512 2792 1608 2824 Grut.

914 2836 956 2869 ad
987 2837 1021 2869 h.
1042 2837 1064 2869 l.
1093 2837 1137 2869 cf.
1162 2835 1261 2868 etiam
1282 2837 1358 2869 Seu.
1377 2847 1430 2880 ap.
1452 2836 1607 2869 Laetam.
