1742 3094
210 213 263 257 34
665 211 706 251 L.
738 211 933 251 ANNAEI
966 211 1195 252 SENECAE

210 330 370 380 propter
398 337 442 364 se
471 323 594 380 ipsam
625 323 843 379 expetenda
873 322 937 364 sit.
1001 321 1121 378 [Sed]
1153 330 1282 379 potest
1310 323 1359 364 ad
1394 323 1498 364 illam
1518 336 1649 381 >acce-

213 392 307 433 dere
321 423 333 443 ‚
364 391 431 446 qui
452 404 497 432 se
517 391 602 446 ipso
625 397 833 432 contentus
855 397 930 431 est.
991 388 1199 444 Quomodo
1222 404 1317 446 ergo
1340 391 1390 431 ad
1409 389 1513 431 illam
1537 404 1649 432 acce-

158 509 160 512 ,
214 459 296 500 dit?
327 459 519 513 quomodo
542 459 590 499 ad
611 471 697 499 rem
717 458 1041 513 pulcherrimam:
1075 472 1153 499 non
1180 457 1291 499 lucro
1317 463 1454 513 captus
1477 471 1552 499 nec
1582 471 1651 500 ua-

213 526 352 567 rietate
374 526 555 567 fortunae
573 525 820 581 perterritus.
852 524 1039 566 Detrahit
1056 525 1248 566 amicitiae
1263 525 1508 566 maiestatem
1525 538 1650 576 suam,

164 605 193 632 ιι
214 593 280 647 qui
298 593 401 633 illam
420 599 531 647 parat
549 593 598 633 ad
619 593 744 633 bonos
766 607 897 634 casus.
941 591 1003 634 Se
1020 599 1227 633 contentus
1249 599 1310 634 est
1328 592 1501 648 sapiens.
1547 591 1651 643 Hoc,

214 661 267 700 mi
285 658 436 710 Lucili,
468 659 642 714 plerique
664 673 868 715 perperam
885 660 1216 715 interpretantur:
1250 659 1464 715 sapientem
1486 659 1654 713 undique

215 726 451 767 submouent
473 732 513 767 et
534 725 638 767 intra
661 733 791 768 cutem
813 741 922 768 suam
947 733 1106 782 cogunt.
1166 725 1496 782 Distinguendum
1525 732 1656 767 autem

217 800 302 844 est,
334 793 424 847 quid
450 799 491 833 et
509 800 702 847 quatenus
722 808 808 835 uox
825 794 902 834 ista
918 794 1131 849 promittat.
1193 792 1249 836 Se
1271 786 1480 835 contentus
1508 799 1570 835 est
1593 806 1656 834 sa-

215 860 326 915 piens
364 860 413 901 ad
452 859 568 901 beate
602 860 840 912 uiuendum,
883 874 963 901 non
991 861 1049 904 ad
1067 860 1294 901 uiuendum.
1355 861 1421 902 Ad
1448 861 1523 902 hoc
1540 859 1657 901 enim

215 927 346 968 multis
369 926 425 967 illi
448 926 568 968 rebus
588 940 686 983 opus
710 934 792 979 est,
824 928 872 968 ad
893 927 987 968 illud
1009 933 1160 968 tantum
1184 927 1313 968 animo
1336 941 1433 968 sano
1457 933 1498 968 et
1523 933 1657 968 erecto

167 999 198 1028 1‘2
217 1000 259 1036 et
280 993 519 1049 despiciente
541 994 749 1035 fortunam.
811 993 911 1036 Uolo
935 994 1006 1035 tihi
1032 991 1242 1049 Chrysippi
1266 1008 1419 1049 quoquc
1443 993 1658 1036 distinctio-

217 1074 306 1101 nem
333 1061 522 1101 indicare.
582 1059 655 1101 Ait
681 1063 919 1115 sapientem
946 1061 1071 1103 nulla
1098 1073 1150 1101 re
1179 1061 1376 1115 indigere
1385 1093 1401 1113 ,
1446 1066 1489 1103 et
1516 1066 1658 1103 tamen

216 1128 358 1169 multis
378 1128 447 1168 illi
468 1127 596 1170 rebus
615 1141 726 1182 opus
745 1142 837 1170 esse
849 1142 864 1168 .·
893 1132 1050 1169 contra
1071 1127 1202 1169 stulto
1225 1129 1348 1169 nulla
1368 1141 1421 1171 re
1444 1141 1555 1183 opus
1579 1131 1658 1179 est,

216 1195 339 1236 nulla
361 1195 469 1236 enim
493 1207 545 1236 re
564 1196 629 1237 uti
645 1196 742 1246 scit,
763 1195 841 1238 sed
862 1194 1054 1237 omnibus
1070 1199 1175 1249 eqet.
1224 1192 1400 1250 Sapienti
1421 1202 1460 1236 et
1481 1194 1659 1236 manibus

962 1317 1032 1339 non
1046 1304 1187 1338 multum
1205 1305 1332 1339 recedit
1349 1306 1427 1340 Pnb
1440 1321 1485 1335 ===
1499 1318 1547 1339 aa
1565 1305 1660 1339 ami-

964 1351 1054 1384 citia
1078 1358 1227 1397 propter
1257 1362 1296 1383 se
1325 1352 1442 1396 ipsam
1463 1352 1658 1396 expetenda

963 1395 1661 1484 exerceare-affixam

963 1484 1119 1528 spicitur,
1145 1495 1207 1517 nec
1228 1491 1321 1517 extm
1341 1496 1473 1518 omnem
1495 1484 1659 1529 suspicio-

963 1540 1041 1561 nem
1061 1528 1172 1571 posita
1194 1535 1245 1561 ωε
1270 1530 1335 1562 secl
1355 1530 1536 1574 particula,
1559 1540 1658 1574 quam

964 1573 1098 1618 quidem
1118 1573 1239 1618 recepi,
1263 1574 1324 1607 sed
1345 1574 1436 1607 uncis
1452 1574 1581 1608 inclusi.

1009 1618 1159 1651 accedit.
1192 1621 1222 1651 A
1232 1634 1277 1647 =
1291 1619 1454 1653 accedas.
1475 1619 1511 1651 in
1523 1630 1547 1663 p
1561 1618 1659 1652 vide-

963 1669 1019 1696 tur
1038 1662 1141 1695 fuisse
1170 1665 1340 1705 accedet,
1366 1663 1457 1708 quod
1473 1663 1575 1697 habet
1593 1665 1635 1696 T.

1009 1709 1094 1743 ’ΣΞ
1113 1709 1305 1741 Detrahat.

216 1314 362 1352 propter
382 1317 422 1338 se
444 1307 580 1352 ipsam,
601 1314 722 1352 potest
743 1307 794 1339 ad
816 1307 919 1340 illam

221 1352 400 1384 accedere.
450 1363 475 1394 μ
494 1366 540 1379 =
564 1352 609 1384 de
632 1351 708 1384 hoc.
756 1352 919 1384 amicitia

216 1404 363 1441 propter
395 1396 498 1428 aliud
532 1397 582 1428 sit
615 1397 813 1441 expetenda
846 1397 917 1429 dic.

219 1452 304 1473 nam
340 1441 377 1472 si
407 1449 555 1486 propter
586 1452 626 1473 se
655 1443 773 1484 ipsam
805 1449 918 1486 expet.

221 1494 295 1525 est,
319 1493 437 1529 potest
460 1491 524 1517 etc.
563 1484 634 1518 Col.
656 1484 726 1519 P3.
749 1487 787 1530 (s.
798 1486 857 1529 m.)
873 1501 918 1514 =

220 1541 269 1562 an
290 1530 454 1562 amicitia
471 1538 619 1575 propter
641 1530 746 1563 aliud
774 1532 824 1563 sit
853 1543 918 1564 ex-

219 1574 375 1621 petenda
410 1575 480 1606 dic.
516 1586 602 1607 nam
635 1576 670 1607 si
698 1584 845 1621 propter
881 1588 919 1608 se

221 1620 339 1664 ipsam
354 1627 466 1664 expet.
483 1627 549 1662 est,
564 1627 684 1664 potest
698 1626 760 1652 etc.
786 1620 863 1653 Pr.d
874 1636 918 1649 =

221 1675 270 1696 an
284 1664 446 1696 amicitia
461 1673 606 1709 propter
626 1665 729 1697 aliud
746 1666 794 1697 sit
811 1678 918 1710 expe-

221 1708 342 1741 tenda.
387 1708 485 1741 Nam
507 1710 541 1741 si
565 1717 713 1754 propter
742 1721 781 1742 se
802 1711 919 1755 ipsam

219 1753 420 1798 expetenda
438 1761 502 1794 est,
524 1762 641 1798 potest
659 1755 709 1786 ad
724 1754 838 1787 illam.
876 1756 919 1787 Sc

220 1799 361 1833 Xean
379 1798 543 1831 amicitia
559 1810 648 1831 vera
663 1800 782 1844 expeti
797 1811 862 1844 per
881 1810 920 1832 se

221 1842 358 1875 debeat.
408 1843 506 1876 Nam
525 1844 559 1876 si
575 1852 722 1889 propter
744 1855 784 1876 se
802 1845 919 1890 ipsam

219 1896 333 1933 expet.
361 1896 427 1930 est,
447 1896 573 1934 potest.
607 1887 731 1921 1²2=
749 1900 799 1921 an
822 1890 917 1922 ami-

219 1933 310 1965 citia
322 1941 469 1977 propter
483 1945 523 1966 ee
538 1934 656 1978 expeti
674 1933 811 1967 debeat.
835 1945 918 1966 nam

222 1977 255 2009 si
268 1986 416 2022 propter
436 1990 475 2010 ae
491 1979 607 2023 ipsam
627 1987 740 2023 expet.
763 1987 828 2018 est,
849 1990 917 2030 pq-

1010 1753 1060 1785 ad
1084 1752 1190 1786 bonos
1205 1765 1320 1787 casus.
1347 1753 1404 1785 Gr.
1420 1753 1543 1796 partim
1553 1769 1598 1782 ==
1609 1752 1660 1786 acl

965 1796 1019 1830 Ιιο
1030 1809 1048 1830 s
1065 1808 1180 1831 casus.
1213 1799 1313 1832 mt—
1322 1798 1441 1833 bonos.
1467 1800 1548 1842 Ope.
1563 1798 1603 1831 ci.
1614 1813 1661 1826 =

963 1842 1014 1874 ad
1034 1853 1121 1875 πον
1133 1852 1183 1875 οε
1202 1854 1317 1876 casus.

1009 1884 1063 1920 11.
1089 1887 1134 1919 Se
1145 1895 1330 1920 contentae
1340 1895 1395 1920 est
1405 1887 1561 1932 capiens.
1587 1898 1605 1921 ο
1620 1891 1654 1925 -ξ-

963 1931 1014 1964 ad
1026 1930 1111 1964 bene
1121 1932 1324 1967 vivendum.
1346 1933 1388 1968 κλ
1403 1936 1439 1970 4-
1457 1932 1506 1965 ad
1525 1931 1628 1965 beat
1641 1945 1661 1964 e

962 1976 1164 2009 vivendum.

220 2030 302 2055 test.
337 2022 507 2066 Opsopoei
526 2022 697 2056 Nicot.=
720 2034 768 2055 an
788 2025 918 2056 amict-

220 2068 275 2099 tia
304 2075 454 2111 propter
481 2079 522 2099 ce
550 2068 665 2111 ipsam
699 2068 918 2114 appetenda

222 2112 282 2144 sit.
327 2113 437 2143 Immo
467 2123 551 2144 vero
569 2112 670 2144 nihil
686 2114 807 2157 magis
825 2125 916 2157 pro-

220 2155 374 2188 bandum
403 2164 468 2188 est.
511 2156 610 2188 Nam
641 2157 676 2189 si
698 2165 846 2201 propter
879 2169 917 2189 se

220 2200 337 2245 ipsam
354 2200 552 2244 expetenda
564 2208 619 2232 est
628 2206 692 2232 etc.
715 2200 840 2232 Eadem
851 2200 916 2232 ad·-

219 2243 345 2287 scripta
367 2250 461 2277 erant
489 2244 534 2276 ad
561 2244 745 2287 marginem
761 2246 835 2277 Put.
862 2245 916 2277 al-

220 2288 323 2322 terius
344 2300 443 2321 manu
462 2290 498 2321 P.
519 2289 649 2321 Daniel.
682 2289 839 2333 Reliquos
870 2289 915 2321 li-

221 2332 309 2372 bror„
335 2334 450 2376 quibus
469 2345 544 2366 usus
565 2340 617 2366 est
635 2335 724 2377 Ops„
749 2333 863 2366 scribit
882 2334 915 2366 in

220 2377 287 2410 hoc
312 2378 389 2410 loco
421 2378 554 2411 mutilos
576 2389 666 2421 esse,
700 2378 788 2410 unde
806 2378 916 2410 eonii-

221 2422 273 2454 cio
286 2434 342 2455 eos
362 2433 492 2466 quoque
511 2422 716 2466 aliquatenus
728 2422 915 2455 consentire

220 2478 294 2499 cum
322 2467 485 2510 scriptura
515 2479 535 2500 a
558 2479 613 2499 me
643 2474 788 2511 recepta.
822 2468 915 2503 §R—

219 2512 312 2547 3=
334 2524 383 2544 an
413 2513 575 2545 amicicia
603 2521 749 2557 propter
769 2525 829 2552 se,
865 2524 914 2545 an

213 2565 362 2602 propter
383 2557 485 2590 aliud
508 2558 556 2590 sic
574 2558 794 2602 expetenda,·
828 2568 912 2591 nam

217 2601 252 2633 εἰ
268 2610 414 2647 propter
436 2615 473 2635 se
493 2602 608 2647 ipsam
627 2603 824 2647 expetenda
846 2610 912 2645 est,

212 2653 343 2723 potest.
387 2658 470 2690 quae
503 2647 665 2690 scriptura
693 2654 833 2690 propter
864 2658 914 2680 an

239 2702 266 2722 is
280 2690 426 2734 positum
438 2698 591 2734 suspecta
606 2702 677 2723 esse
691 2691 845 2724 debebat.
866 2691 910 2723 cf.

213 2734 317 2813 5⁸¹¹ss
348 2736 487 2813 {3¹⁵⁰}
505 2734 735 2813 ἔὶωΐωῗῗέἒέ
767 2742 912 2813 ‘²333ss

212 2791 357 2857 h'beufer
386 2804 498 2869 recepi
520 2825 716 2870 scriptum
738 2804 781 2869 p,
806 2837 825 2857 a
847 2792 910 2868 gua

1008 2019 1222 2054 submovent.
1246 2032 1320 2055 r===
1331 2029 1480 2056 movent.

1050 2079 1095 2094 ·-—-
1111 2066 1244 2098 inter
1263 2074 1418 2101 cutemc.
1445 2067 1569 2106 c-ff-et
1589 2065 1658 2101 la·

963 2117 978 2141 t
990 2122 1009 2143 e
1018 2122 1037 2142 r
1047 2122 1066 2141 e
1087 2110 1187 2142 intra
1209 2119 1320 2142 cutem
1337 2122 1366 2144 s.

1006 2161 1179 2199 quatenus
1209 2166 1288 2187 vox.
1331 2165 1352 2197 γ
1371 2169 1416 2183 =
1437 2166 1459 2199 q
1468 2166 1492 2188 u
1501 2167 1524 2187 a
1534 2166 1557 2187 n
1566 2163 1581 2187 t
1591 2167 1613 2188 u
1625 2167 1659 2188 m

961 2210 1039 2231 vox.

1006 2242 1056 2275 ad
1067 2241 1166 2275 beate
1189 2243 1389 2276 vivendum.
1417 2243 1564 2288 ὓναγζτ
1573 2246 1603 2281 ’Χ
1611 2259 1658 2273 =

961 2287 1012 2319 ad
1033 2286 1052 2319 b
1064 2299 1084 2319 e
1093 2299 1116 2319 n
1129 2300 1148 2319 e
1167 2288 1237 2320 viv.

1005 2334 1035 2364 A
1045 2346 1090 2360 =
1103 2332 1226 2364 multis
1247 2345 1267 2364 e
1276 2333 1292 2365 i
1315 2331 1429 2366 rebus.

1007 2378 1026 2416 ζ
1042 2381 1077 2415 -ὒ-
1093 2377 1212 2410 animo
1242 2388 1261 2409 s
1271 2389 1294 2409 u
1305 2389 1325 2409 o
1354 2388 1445 2410 sano
1470 2385 1505 2410 et
1528 2386 1653 2412 erecto.

960 2421 992 2453 G
1007 2421 1093 2465 (sm)
1107 2422 1131 2456 ᾖ
1141 2422 1315 2454 =animo
1337 2433 1400 2454 suo
1422 2430 1549 2457 erecto.
1581 2423 1656 2468 Ρβν

958 2466 1004 2498 Sb
1016 2481 1061 2495 =
1075 2475 1109 2499 et
1131 2479 1150 2498 r
1163 2475 1273 2500 ecto.
1299 2466 1343 2499 cf.
1368 2465 1412 2498 ad
1432 2467 1493 2510 Ep.
1506 2465 1562 2507 41,
1586 2465 1620 2502 2.

1004 2510 1057 2544 12.
1083 2511 1183 2543 nulla
1195 2524 1243 2544 re.
1266 2511 1298 2542 G
1309 2511 1413 2556 (mcv)
1428 2512 1454 2544 P
1466 2510 1496 2544 1.
1506 2527 1552 2540 ==
1561 2510 1654 2544 mul—

958 2556 1017 2589 tis.
1042 2568 1060 2590 ο
1070 2571 1113 2584 =
1128 2556 1250 2589 nullis.

1005 2613 1110 2647 egere
1120 2617 1164 2630 =
1172 2602 1221 2645 Pp
1232 2602 1318 2634 ΔΤΥ
1326 2602 1353 2633 Ε
1363 2610 1450 2644 γεινο
1458 2601 1484 2632 P
1493 2599 1525 2632 2.
1536 2599 1570 2632 4.
1583 2606 1651 2632 tres

960 2648 1037 2689 Ops.
1063 2647 1135 2687 13.
1211 2645 1318 2678 GRsb
1330 2646 1355 2677 P
1369 2643 1398 2677 1.
1408 2643 1443 2678 3.
1460 2644 1530 2676 Col.
1542 2644 1597 2676 all.
1615 2645 1649 2679 ffl

958 2708 1003 2716 -·
1015 2692 1049 2726 Ε
1061 2706 1105 2719 =
1121 2691 1297 2736 indigere.
1517 2701 1519 2705 ·

1003 2737 1071 2768 scit
1090 2737 1154 2768 uti.
1177 2736 1214 2770 {R
1223 2751 1270 2760 ·—·
1280 2734 1310 2768 (ξ
1323 2736 1356 2771 1.
1376 2738 1411 2771 -4-
1435 2744 1499 2766 nec
1519 2731 1647 2769 verbis.

1000 2782 1091 2815 V===
1109 2788 1154 2813 et
1176 2777 1334 2813 omnibus
1353 2786 1446 2823 eget.

1001 2826 1031 2860 1
1040 2843 1087 2851 —-
1098 2834 1132 2859 et
1152 2822 1324 2858 manibus.
