1742 3094
179 203 263 247 586
626 205 666 244 b.
700 204 894 245 ANNAEI
928 205 1156 245 SENECAE

393 314 510 359 Uenit
544 317 647 358 enim
675 317 767 358 mihi
793 317 834 358 in
856 325 1025 359 mentem
1045 319 1084 359 in
1111 318 1184 360 hoc
1202 331 1298 360 sene
1319 326 1360 360 et
1382 318 1609 360 adulescen-

178 392 255 426 tem
278 398 369 427 esse
391 385 453 426 cui
471 385 658 440 parcitur.
718 383 856 440 Itaque
886 386 1065 441 quoniam
1095 400 1168 442 ego
1189 386 1236 427 ab
1257 386 1325 428 illa
1344 401 1423 428 non
1446 387 1611 442 impetro

146 473 162 498 3
179 460 222 496 ut
244 467 306 495 me
330 453 469 495 fortius
489 461 617 505 amet,
663 453 846 509 impetrat
862 454 927 495 illa
950 461 992 495 ut
1012 468 1074 495 me
1098 454 1320 509 diligentius
1343 468 1485 496 amem.
1545 453 1612 495 In-

174 522 406 577 dulgendum
429 529 491 563 est
511 521 615 562 enim
642 521 818 562 honestis
844 522 1081 564 adfectibus:
1126 529 1165 564 et
1187 523 1381 564 interdum
1396 555 1408 575 ,
1441 522 1559 564 etiam
1577 521 1611 563 si

175 597 356 646 premunt
375 604 520 632 causae
534 622 545 642 ,
589 589 749 645 spiritus
773 589 814 630 in
832 589 1019 630 honorem
1042 604 1203 631 suorum
1224 591 1288 632 uel
1310 605 1397 632 cum
1415 596 1610 632 tormento

175 658 422 700 reuocandus
440 665 480 699 et
498 658 538 699 in
559 657 644 713 ipso
665 670 734 698 ore
754 657 982 699 retinendus
1001 663 1062 699 est
1075 689 1086 710 ‚
1134 673 1222 699 cum
1239 658 1343 700 bono
1367 659 1454 700 uiro
1472 658 1610 699 uiuen-

176 727 265 768 dum
292 726 368 778 sit,
415 740 494 767 non
521 724 704 780 quamdiu
732 724 864 776 iuuat,
912 725 982 766 sed
1008 725 1392 781 quamdiuvoportet.
1452 724 1525 767 Ille
1546 726 1610 781 qui

176 808 255 835 non
273 807 455 844 uxorem,
489 808 568 834 non
587 793 754 834 amicum
774 792 870 834 tanti
890 799 1020 849 putat,
1055 800 1097 835 ut
1119 793 1262 835 diutius
1280 794 1321 835 in
1341 794 1423 835 uita
1442 808 1612 835 commo-

175 869 311 914 retur,
344 861 409 917 qui
432 867 662 918 perseuerat
686 860 785 902 mori
812 861 1001 903 delicatus
1025 869 1100 903 est.
1162 861 1250 904 Hoc
1277 875 1430 917 quoque
1450 861 1616 918 imperet

175 930 250 971 sibi
276 929 454 982 animus,
499 929 567 971 ubi'
589 929 737 970 utilitas
771 943 930 970 suorum
965 929 1113 985 exigit,
1158 943 1231 971 nec
1255 936 1429 982 tantum,
1475 929 1508 971 si
1532 929 1616 971 uult

144 1016 160 1043 4
178 998 278 1040 mori
292 1030 303 1050 ‚
336 998 406 1039 sed
428 998 463 1039 si
484 997 636 1053 eoepit,
669 997 901 1038 intermittat.
919 1005 959 1038 et
973 998 1056 1039 suis
1079 1012 1122 1040 se
1143 998 1376 1039 commodet.
1436 996 1614 1052 Ingentis

176 1066 296 1108 animi
318 1073 379 1107 est
397 1065 526 1107 aliena
550 1079 669 1106 causa
691 1065 740 1106 ad
762 1065 883 1106 uitam
914 1066 1062 1106 reuerti
1097 1066 1198 1120 quod
1229 1066 1358 1120 magni
1387 1065 1461 1107 uiri
1493 1078 1612 1120 saepe

175 1135 368 1176 feceruut.
430 1131 512 1175 Sed
545 1133 620 1174 hoc
659 1146 812 1188 quoque
845 1147 1020 1175 summae
1054 1133 1304 1175 humanitatis
1333 1132 1517 1174 existimo
1548 1147 1611 1174 se-

174 1208 371 1243 nectutem
402 1215 511 1242 suam
536 1201 646 1243 cuius
673 1201 874 1242 maximus
893 1202 1041 1242 fructus
1067 1208 1128 1242 est
1150 1196 1328 1243 securior
1349 1201 1410 1242 sui
1432 1201 1555 1242 tutela
1575 1208 1614 1242 et

173 1270 278 1311 uitae
309 1283 403 1310 usus
440 1268 655 1310 animosior
687 1268 882 1309 adtentius
917 1283 1082 1320 curare,
1129 1268 1163 1310 si
1186 1268 1288 1310 scias
1315 1268 1429 1310 alicui
1461 1275 1613 1310 tuorum

175 1351 265 1379 esse
292 1337 427 1390 dulce,
459 1337 578 1388 utile,
612 1336 797 1393 optabile.
858 1335 989 1378 Habet
1013 1343 1216 1393 praeterea
1237 1336 1278 1378 in
1299 1350 1343 1379 se
1368 1351 1447 1378 non
1467 1337 1614 1378 medio-

175 1419 243 1447 cre
264 1405 342 1446 ista
365 1419 432 1446 res
462 1405 642 1460 gaudium
668 1412 708 1446 et
728 1405 974 1446 mercedem
1019 1405 1110 1461 quid
1142 1405 1246 1446 enim
1275 1405 1478 1446 iucundius
1500 1419 1612 1460 quam

142 1488 159 1513 5
179 1474 294 1516 uxori
324 1481 400 1515 tam
432 1487 565 1514 carum
590 1486 701 1525 esse,
744 1479 787 1514 ut
808 1479 966 1528 propter
987 1473 1059 1514 hoc
1079 1473 1148 1514 tibi
1173 1472 1302 1514 carior
1325 1473 1421 1515 fias?
1476 1470 1614 1515 Potest

175 1541 306 1597 itaque
327 1540 491 1583 Paulina
511 1554 598 1582 mea
615 1555 693 1582 non
709 1547 856 1582 tantum
876 1555 988 1581 suum
1007 1541 1099 1582 mihi
1121 1541 1299 1582 timorem
1316 1541 1510 1596 inputare,
1543 1542 1612 1582 sed

174 1609 290 1651 etiam
317 1623 462 1650 meum.
525 1607 697 1662 Quaeris
721 1622 816 1662 ergo
835 1609 1028 1662 quomodo
1058 1609 1148 1649 mihi
1176 1608 1379 1650 consilium
1404 1609 1612 1664 profectio-

173 1677 236 1719 nis
253 1676 449 1718 cesserit?
509 1675 560 1718 Ut
576 1676 740 1731 primum
758 1675 990 1731 grauitatem
1012 1675 1130 1718 Urbis
1149 1676 1306 1718 excessi
1329 1683 1368 1718 et
1388 1676 1494 1717 illum
1516 1677 1610 1718 odo-

176 317 327 359 amitto.

217 1768 310 1803 θὶ-
328 1768 374 1803 ‘m
393 1786 440 1793 —-
461 1768 554 1801 enim
575 1774 653 1812 post
678 1767 796 1801 Venit.
845 1766 874 1800 21
916 1767 984 1813 pit.
1032 1767 1150 1802 BGoru
1163 1767 1260 1802 ‘21:328
1280 1776 1326 1795 Ξ
1345 1774 1380 1800 et
1412 1767 1488 1800 suis
1516 1778 1611 1800 com-

175 1833 217 1839 —
241 1824 307 1859 ego
340 1819 419 1857 post
462 1814 639 1860 quoniam.
690 1812 784 1858 Ζοπχ
803 1811 871 1844 P2.

177 1859 249 1892 Col.
270 1859 300 1893 ’Χ
320 1877 366 1884 —-
388 1870 459 1891 non
483 1865 560 1891 ante
589 1859 748 1904 impetro.
796 1859 835 1890 Iu
854 1868 875 1891 τ

174 1906 258 1938 haec
294 1916 359 1938 vox
392 1911 557 1948 expuncta
586 1910 647 1937 est.
703 1903 795 1936 Pine.
831 1902 872 1935 ci.

174 1966 219 1980 =
242 1958 280 1983 ut
315 1962 334 1982 s
347 1963 366 1982 e
388 1949 530 1995 fortius
562 1958 667 1982 amet.
709 1949 805 1981 Grut.
831 1947 871 1980 ci.

174 2012 220 2025 Ξ
239 1996 534 2041 languidius
575 1995 631 2028 vel
671 1993 871 2039 infortius.

174 2040 233 2075 1¹3.
251 2046 285 2080 —}-
303 2054 326 2074 α
338 2053 360 2073 n
385 2050 490 2074 amet.
538 2042 640 2076 {DZ—
654 2042 688 2076 Ξ
706 2045 740 2078 -Ι-
759 2040 872 2083 impe-

175 2095 251 2120 trae
275 2087 342 2119 illa
365 2099 388 2120 a
412 2099 476 2119 me
499 2098 537 2118 ex
561 2085 628 2129 ing.
654 2087 742 2119 Mur.
767 2086 874 2124 (ΘΞ-

177 2134 216 2175 [a
236 2132 336 2176 me]).
386 2144 409 2166 α
427 2151 473 2157 -—-
494 2132 721 2177 diligentius.
767 2131 812 2165 QX
829 2145 874 2159 =

176 2185 215 2209 ut
234 2189 289 2209 me
313 2179 360 2209 in
375 2177 657 2221 dulgentia-s·
681 2188 805 2209 amem.

219 2221 252 2255 3.
287 2222 315 2254 R
327 2221 387 2254 P3.
408 2227 441 2260 -4-
460 2223 622 2254 honestis
665 2234 684 2254 c
694 2234 717 2254 a
728 2234 747 2253 r
758 2223 772 2254 i
783 2232 801 2252 s
810 2232 828 2251 s
840 2221 874 2253 i-

175 2280 208 2300 m
219 2278 238 2299 ο
249 2279 300 2299 ru
311 2279 343 2298 m
367 2267 429 2311 aff}
477 2269 495 2301 λ
512 2282 556 2295 Ξ
580 2267 739 2299 honestis
772 2279 790 2298 s
801 2278 823 2297 u
835 2277 873 2296 o·-

181 2327 199 2345 r
210 2325 232 2345 u
241 2325 274 2344 m
299 2311 362 2356 aff}
400 2324 416 2354 ρ
426 2328 470 2339 Ξ
482 2313 522 2344 in
545 2313 712 2344 honorem
734 2324 752 2343 s
761 2323 783 2343 u
793 2322 815 2342 u
827 2322 871 2342 m.

174 2359 203 2392 Ἡ
226 2373 271 2386 Ξ
284 2357 473 2390 vivendum
495 2369 540 2389 es
550 2365 575 2389 t.
620 2357 679 2388 BG
691 2371 736 2384 =
746 2367 872 2400 quam-

177 2403 242 2436 diu
269 2404 414 2436 vivat.
461 2414 478 2436 ο
498 2417 545 2430 Ξ
564 2414 670 2447 quam
697 2401 808 2434 bene
831 2413 873 2433 0-

171 2456 301 2496 portet.
326 2459 491 2483 ιοΞηοη
512 2449 694 2480 amicam.
720 2445 870 2490 B(cr.oe)

175 2510 221 2524 =
239 2494 335 2528 tanti
360 2501 487 2540 putet.
533 2491 648 2526 mP3.
667 2496 702 2532 -1-
718 2500 757 2525 ut
789 2492 873 2525 diu-

175 2541 249 2574 tius
275 2547 481 2586 propter
513 2550 592 2572 eos
615 2539 654 2571 in
674 2538 751 2570 vita
776 2550 871 2570 com-

174 2594 342 2619 moretur.
388 2584 626 2628 Βῦαγδεζδυφ
645 2582 704 2616 Pl.
729 2583 799 2615 Col.

171 2641 375 2678 persevera
386 2629 406 2663 b
415 2643 439 2663 a
451 2638 476 2663 t.
524 2630 608 2664 Βικλ
617 2628 677 2662 P2.
687 2627 720 2662 3.
733 2626 767 2661 4.
788 2628 817 2662 ‘X
827 2644 872 2657 =

172 2674 387 2723 persever-ab
397 2676 445 2709 it.
470 2675 592 2720 probat
604 2675 700 2708 Grut.
724 2675 817 2718 οπχψ
827 2690 873 2703 =

173 2720 388 2768 persever-ab
399 2722 414 2754 i
424 2729 439 2753 t
462 2733 484 2754 ν
493 2733 513 2754 e
524 2720 591 2754 lle
611 2720 711 2753 mori.
736 2720 772 2755 {R
782 2739 829 2745 —
838 2721 872 2755 Q

177 2783 222 2796 =
242 2766 343 2800 sibi
370 2766 445 2799 vult
475 2766 576 2799 mori.
621 2766 685 2803 (21.
704 2782 750 2790 —
770 2766 873 2800 922:

177 2812 275 2846 sibi
311 2812 436 2845 velit
459 2811 560 2845 mori.
607 2822 650 2846 επ
666 2825 713 2839 ==
732 2811 767 2856 {i
796 2822 870 2844 νο-

176 2859 270 2892 luit
293 2858 394 2891 mori.
443 2859 487 2892 §.DZ
502 2872 547 2886 =
567 2857 631 2890 sed
659 2856 758 2890 etsi
789 2868 868 2890 coe-

920 1813 1087 1845 mendet
1113 1824 1178 1845 om.
1211 1824 1261 1845 se.
1308 1813 1386 1857 αφψ
1404 1809 1463 1844 Pt.
1482 1812 1516 1846 4.
1540 1812 1611 1845 Col.

919 1859 1010 1893 θὶΞ
1023 1866 1058 1891 et
1078 1858 1154 1891 suis
1186 1870 1234 1891 se
1257 1869 1365 1890 comm
1377 1858 1506 1891 endec.
1551 1857 1612 1891 ΒΖ

920 1906 1020 1956 βιλῖιχ
1036 1903 1126 1936 Pinc.
1158 1915 1208 1936 ex.
1241 1903 1345 1936 famil.
1374 1902 1431 1936 P2.
1453 1901 1488 1936 3.
1511 1918 1556 1932 Ξ
1578 1912 1613 1936 et

919 1962 996 1983 suls
1019 1961 1058 1982 se
1080 1961 1164 1981 conc
1174 1961 1193 1981 e
1203 1949 1228 1982 d
1237 1961 1261 1982 a
1271 1957 1295 1982 t.

963 2016 995 2050 4.
1020 2018 1081 2053 Bm
1092 2032 1138 2045 Ξ
1147 2017 1384 2050 humanitati.
1420 2018 1450 2049 G
1460 2032 1506 2046 Ξ
1515 2029 1612 2050 sum-

920 2076 952 2095 m
964 2075 987 2096 α
1019 2063 1265 2095 humanitatis.
1315 2073 1336 2096 σ
1357 2077 1403 2091 =
1424 2075 1536 2096 summ
1546 2075 1570 2095 α
1579 2075 1614 2096 m

920 2108 1157 2141 humanitatis
1184 2109 1342 2153 Ββιλπφχ
1355 2112 1387 2146 -Ι-
1405 2120 1424 2140 e
1434 2121 1453 2142 s
1463 2120 1481 2141 s
1490 2121 1510 2140 e
1534 2109 1613 2141 exi-

921 2155 1035 2187 stimo.
1082 2165 1099 2187 ο
1119 2168 1165 2181 Ξ
1187 2152 1424 2186 humanitatis
1457 2165 1613 2186 summae

920 2212 939 2232 e
951 2212 968 2232 S
976 2210 995 2231 s
1005 2211 1024 2231 e
1047 2198 1220 2231 existimo.

966 2255 1149 2287 adtentius
1180 2266 1350 2287 curare
1364 2269 1410 2283 =
1430 2256 1482 2300 βγ.
1552 2255 1614 2287 BG

919 2298 979 2332 Pl.
992 2298 1024 2332 2.
1038 2297 1071 2332 4.
1089 2299 1159 2332 col.
1180 2300 1214 2334 §It
1225 2319 1268 2324 —
1281 2301 1547 2336 &lu—curare.
1582 2301 1612 2333 R

919 2344 977 2378 P3.
991 2360 1037 2372 Ξ
1051 2345 1226 2378 attentius
1248 2357 1268 2377 c
1276 2357 1299 2377 u
1310 2356 1329 2377 s
1338 2353 1354 2378 t
1363 2357 1383 2377 ο
1391 2345 1468 2378 dir
1478 2358 1507 2378 e.
1546 2347 1611 2383 (ἐξ).

917 2408 963 2416 ·-
985 2391 1019 2425 Ξ
1041 2405 1085 2418 =
1107 2391 1282 2424 attentius
1312 2402 1391 2423 con
1403 2403 1611 2424 servare.

919 2448 936 2479 ρ
947 2451 993 2465 Ξ
1005 2435 1124 2469 Habet
1156 2448 1175 2468 e
1185 2444 1200 2469 t
1233 2435 1322 2469 haec
1353 2448 1413 2469 res
1440 2435 1613 2481 gaudium

918 2491 952 2515 et
973 2494 1077 2515 merc.
1122 2481 1184 2514 BG
1197 2493 1235 2525 ρρ
1247 2482 1329 2526 (exc.
1341 2484 1401 2516 λοσ
1415 2481 1467 2525 ω)
1492 2482 1557 2516 'Im
1566 2499 1614 2506 —-

919 2529 948 2563 (ἓ
960 2530 991 2565 1.
1012 2542 1058 2556 =
1077 2527 1224 2573 aliquid
1264 2535 1414 2560 tuorum.
1460 2527 1487 2558 B
1509 2545 1554 2552 —-
1574 2534 1613 2558 ut

918 2579 996 2605 ante
1024 2581 1168 2619 propter
1201 2572 1277 2605 lzoc.
1333 2571 1430 2616 Apud
1465 2572 1496 2604 G
1530 2571 1613 2604 hacc

919 2630 984 2651 vox
1003 2618 1036 2650 in
1058 2618 1156 2650 litura
1178 2623 1239 2651 est.

964 2675 995 2707 5.
1020 2675 1139 2718 -q-f-id
1161 2674 1358 2707 eonsilium.
1392 2671 1513 2716 Gom)
1527 2673 1562 2707 θί
1575 2691 1611 2697 -

919 2721 983 2759 (ξί.
994 2735 1040 2748 Ξ
1051 2719 1271 2766 gravitatem
1298 2718 1397 2753 urbis
1418 2724 1465 2750 co'
1473 2720 1497 2750 ri
1506 2718 1610 2751 cessi·

919 2777 937 2808 ρ
956 2781 1000 2794 Ξ
1021 2765 1243 2811 gravitatem
1269 2777 1320 2797 ex
1345 2763 1435 2809 pulv
1445 2775 1492 2796 er
1502 2775 1522 2796 e
1544 2774 1609 2795 ur·-

918 2810 973 2844 bis
993 2824 1012 2844 e
1023 2823 1075 2844 να
1086 2823 1104 2844 s
1112 2811 1137 2852 i,
1156 2809 1323 2856 piotinus
1341 2816 1452 2841 mutat
1460 2820 1484 2841 u
1495 2820 1529 2841 m
1548 2820 1582 2842 m
1590 2820 1609 2840 e

916 2858 1013 2890 sensi
1033 2855 1104 2889 rell.
1119 2867 1185 2889 om.
1210 2854 1302 2888 Piuc.
1315 2865 1347 2886 v.
1361 2853 1383 2886 1.
1405 2853 1433 2889 Ε
1445 2871 1490 2880 -
1507 2854 1607 2889 ffl==
