1742 3094
152 270 260 309 XXII
720 269 1013 309 PRAEFATIO.

156 393 225 414 sas:
250 381 283 413 in
305 381 355 413 his
374 381 545 414 columnae
563 388 641 413 sunt
659 380 768 422 binae,
791 381 899 414 lineae
917 391 1111 424 sexagenae.
1145 380 1355 414 Salutatione
1376 380 1478 422 cubet,
1505 380 1542 413 V
1537 379 1596 413 ale

159 437 352 481 plerumque
372 438 513 470 subiicit.
559 437 705 471 Eaedem
729 437 801 470 fere
823 437 918 470 huius
941 437 1017 470 libri
1038 443 1116 469 sunt
1135 437 1275 470 virtutoe
1296 448 1383 482 qnae
1404 443 1595 497 nonum-um

162 492 278 538 2.(P2)
299 499 334 525 et
355 506 402 535 w,
427 494 543 526 eadem
563 493 655 526 vitia.
706 493 852 538 (Contuli
879 505 952 526 cum
970 493 1055 537 illu.)
1370 510 1374 511 ⁷

248 550 323 592 l).
347 551 379 583 Τ
402 550 588 594 (Ludovici
610 551 749 582 Trossii
770 549 1048 582 Hammone-usis
1067 561 1099 583 ν.
1113 550 1164 592 d.)
1197 549 1300 583 chart.
1315 548 1350 585 4.
1372 561 1439 582 sec.
1451 549 1560 582 XV.'
1548 561 1594 581 ιιι.

159 605 232 637 foll.
254 603 310 638 57.
342 606 405 638 col.
430 605 460 639 1.
483 606 565 638 linn.
591 605 786 650 plerumque
807 604 872 647 27,
906 605 940 638 in
971 605 1098 649 aliquot
1129 605 1258 649 paginis
1277 603 1342 646 263
1378 606 1414 638 in
1448 606 1519 638 aliis
1538 603 1595 639 28.

160 661 316 693 Continet
340 670 474 705 praeter
493 662 605 694 locum
624 661 820 706 Hieronymi
843 674 883 694 ac
907 663 1053 694 Seneoee
1075 669 1110 694 et
1127 662 1220 695 Pauli
1238 661 1405 706 Epistolas
1427 662 1470 695 ad
1494 662 1597 695 Luci-

159 716 237 748 lium
260 718 345 761 Epp.
355 717 398 751 52
418 718 545 762 priores
566 730 630 751 nec
651 718 685 750 in
703 718 806 750 libros
829 717 1021 749 distributas
1045 729 1107 750 nec
1125 718 1269 750 numeris
1291 718 1448 762 signatas-
1493 719 1597 751 Prae-

157 772 269 815 figitur
288 773 452 818 plerisque
465 776 600 808 Seneca
611 775 750 807 Lucilio
770 774 840 806 sive
853 774 986 806 Seneca
1004 774 1054 807 ad
1067 774 1242 806 Luc-ilium
1263 780 1331 815 aut,
1354 775 1412 807 ubi
1429 775 1597 819 angustius

155 828 316 871 spatium,
354 831 510 872 Seneca,
551 831 644 864 Vale
670 842 740 863 non
774 829 1000 862 subscribitur.
1046 829 1176 862 Finitur
1202 831 1265 873 Ep.
1285 828 1341 864 52.
1371 830 1407 863 in
1437 831 1522 864 folio
1539 830 1595 864 53.

155 891 267 917 recto:
305 885 338 917 in
363 886 481 919 eodem
503 887 588 920 folio
611 898 708 919 verso
732 892 767 919 et
798 885 833 918 in
857 885 991 929 reliquis
1021 884 1190 928 leguntur·
1205 884 1366 928 quaedam
1393 886 1595 930 theologica.

155 940 256 972 Liber
275 942 317 973 ab
336 942 472 975 homine
493 955 560 976 non
589 942 745 986 imperito
778 941 920 985 scriptus
952 940 1039 972 inter
1070 939 1216 984 optimos
1249 940 1322 973 fere
1341 948 1394 975 est
1412 942 1594 975 habendus.

156 995 303 1037 (Contuli
328 1009 401 1030 cum
424 999 516 1041 ἕλκω)

245 1053 290 1093 m)
315 1054 345 1085 V
366 1055 420 1096 (V
416 1054 679 1086 indobonensis.
706 1053 795 1097 apud
810 1052 1046 1084 Endlicherum
1069 1051 1265 1095 CXCVIII.)
1277 1053 1416 1085 membr.
1432 1054 1506 1087 Fol.
1527 1066 1594 1087 sec.

155 1107 247 1148 XIV.
270 1108 344 1141 soll.
365 1106 421 1142 36.
448 1110 524 1143 coll.
549 1110 581 1142 2.
628 1110 785 1153 Princeps
806 1108 921 1140 littera
955 1119 1036 1140 auro
1071 1114 1265 1151 ceteraeque
1294 1109 1539 1153 epistolarum'
1528 1111 1596 1143 mi-

157 1163 253 1194 tiales
280 1164 445 1197 coloribus
465 1172 602 1198 ornatae
622 1171 720 1208 sunt,
744 1165 938 1209 plerumque
958 1163 1058 1196 etiam
1078 1163 1316 1196 sententiarum
1338 1165 1500 1209 principia
1529 1166 1595 1198 mi-

158 1218 216 1250 nio
239 1227 365 1252 notata.
415 1221 571 1254 Continet
589 1223 650 1265 Ep.
673 1219 745 1253 1—
757 1219 838 1261 88.,
865 1220 926 1252 sed
945 1219 1023 1251 inde
1041 1219 1082 1252 ab
1103 1220 1165 1262 Ep.
1190 1217 1245 1251 85.
1272 1227 1431 1264 excerpta
1464 1229 1596 1255 tantum

157 1281 309 1316 exstant,
345 1288 408 1310 nec
428 1289 497 1310 non
517 1278 550 1309 in
574 1276 796 1321 superioribus
819 1276 960 1319 plurima
981 1282 1058 1307 sunt
1079 1274 1218 1307 omissa:
1251 1275 1284 1308 in
1307 1276 1371 1308 fine
1395 1278 1596 1322 conspicitur

152 1329 251 1362 index
274 1331 497 1375 Epistolarum
517 1334 559 1365 ab
588 1333 654 1365 alio
676 1332 791 1364 eadem
820 1338 931 1364 aetate
951 1331 1138 1363 consectus.
1187 1330 1252 1364 Hic
1279 1331 1386 1365 codex
1407 1333 1495 1366 iuter
1514 1345 1594 1367 cor—

159 1386 368 1429 ruptissimos
392 1395 452 1420 est.
503 1388 666 1432 (Collatus
691 1395 742 1420 est
766 1399 839 1419 cum
861 1387 944 1429 ffil.)
1095 1380 1099 1383 “

246 1443 283 1485 71)
310 1455 329 1475 u
354 1445 400 1487 (V
400 1443 665 1487 indobonensis)
692 1443 798 1476 chart.
819 1455 886 1475 sec.
906 1443 984 1475 XV.
1007 1441 1096 1476 inter
1114 1442 1223 1476 aliena
1243 1442 1344 1486 habet
1363 1445 1508 1478 Senecae
1530 1446 1592 1489 Ep.

151 1497 172 1529 2
197 1505 230 1529 et
254 1497 287 1531 6.
335 1500 502 1541 (Collatus
525 1507 576 1532 est
597 1511 671 1533 cum
690 1498 777 1540 231.)

243 1554 274 1597 ιι)
301 1555 372 1586 Bul.
397 1555 491 1600 (olim
514 1556 659 1587 Bulvvii
682 1553 1076 1599 Beiernumburgensis)
1105 1554 1210 1587 chart.
1232 1566 1298 1587 sec.
1322 1555 1401 1587 XV.
1427 1567 1500 1588 cum
1521 1558 1592 1592 (5το

151 1610 185 1641 iu
206 1610 319 1653 primis
341 1611 490 1655 epistolis
514 1611 653 1643 collatus
673 1622 693 1643 a
711 1606 1164 1653 Liebaldtio‘Numbui-gensi
1184 1622 1217 1642 v.
1232 1609 1277 1651 d.,
1303 1610 1359 1655 qui
1382 1611 1488 1645 varias
1508 1612 1594 1645 scri-

151 1671 265 1709 pturas
286 1665 469 1699 liberaliter
490 1678 620 1699 mecum
644 1665 910 1699 communicavit.

237 1740 279 1774 2.
324 1731 467 1775 Codex
492 1733 862 1789 Argentoratensis.
921 1741 1022 1783 (Arg.
1039 1738 1074 1770 b.
1096 1738 1154 1770 Sb.
1189 1738 1234 1770 cf.
1265 1749 1350 1782 quae
1379 1749 1480 1782 supra
1501 1739 1591 1773 inter

155 1800 456 1843 Schweighaeuserl
483 1800 614 1833 codices
634 1800 677 1832 de
699 1799 764 1832 hoc
786 1799 872 1832 libro
897 1799 1065 1843 disputata
1085 1797 1175 1840 sunt)
1198 1809 1272 1830 cum
1293 1799 1364 1835 231.
1387 1798 1526 1832 collatus
1544 1800 1591 1837 ,ab

151 1855 329 1896 Oberlino,
355 1856 411 1901 qui
430 1868 505 1888 eum
527 1856 631 1890 refert
651 1855 695 1888 ad
715 1867 781 1888 sec.
803 1856 850 1888 X.
897 1857 984 1889 Tum
1006 1854 1196 1887 continebat
1224 1855 1286 1899 Ep.
1313 1852 1330 1887 1
1345 1853 1455 1888 -52-
1491 1852 1593 1888 63-

149 1907 204 1943 88.
229 1911 385 1955 integras.
432 1912 500 1944 Ubi
521 1911 638 1944 eadem
660 1911 701 1943 ab
720 1911 878 1944 Oberlino
900 1918 1000 1955 atque
1021 1922 1040 1942 a
1060 1909 1371 1953 Schweighaeusero
1389 1909 1521 1954 prolata
1537 1910 1591 1943 vi-

149 1965 207 2009 di,
238 1965 359 1999 librum
380 1967 562 2011 significavi
583 1979 644 2012 per
667 1966 712 1999 Sb
726 1991 736 2006 ‚
769 1966 803 1999 iu
821 1967 881 2008 iis,
911 1978 994 2011 quae
1016 1965 1106 1998 solus
1129 1964 1303 1997 Oberlinus
1327 1964 1496 2007 laudavit,
1530 1977 1592 2010 per

150 2023 228 2066 Arg.
242 2022 284 2055 b:
309 2023 388 2055 alibi
412 2022 587 2056 dissentire
610 2022 698 2054 inter
719 2033 756 2054 se
778 2022 867 2055 viros
891 2022 1013 2055 doctos
1037 2021 1208 2054 annotavi.

233 2095 276 2130 3.
312 2088 453 2130 Codex
477 2088 711 2130 BernenSiS.
746 2095 786 2137 (B
804 2094 838 2125 iu
858 2092 1025 2137 prioribus
1047 2091 1210 2134 epistolis)
1241 2102 1308 2123 sec.
1328 2092 1425 2124 XIII.
1445 2091 1586 2124 collatus

149 2166 223 2188 cum
244 2157 313 2192 9131.
338 2155 488 2188 continet
523 2161 680 2197 excerpta
709 2165 748 2185 ex
771 2155 918 2184 Senecae
943 2150 1077 2194 scriptis
1108 2156 1143 2181 et
1165 2151 1226 2193 Ep.
1249 2149 1267 2181 1
1282 2147 1403 2190 -82,
1431 2147 1484 2182 19.
1520 2151 1590 2183 sic

148 2211 245 2243 mala
267 2211 335 2244 illa
358 2211 579 2243 credideris:
602 2215 787 2254 sequuntur
806 2205 997 2251 Symmachi
1019 2204 1200 2249 Epistolae.
1247 2204 1351 2237 Liber
1371 2205 1415 2238 ad
1438 2205 1590 2239 deterio—

147 2277 198 2298 res
220 2266 368 2299 inclinat.

235 2328 277 2364 4.
312 2320 482 2363 Codices
510 2320 697 2363 Parisini.

237 2389 275 2431 α)
301 2390 327 2422 Ρ
351 2388 587 2433 (bibliotheoee
607 2388 716 2431 regiae
740 2387 783 2419 N.
807 2384 908 2419 8658.
932 2387 972 2417 A.
997 2383 1077 2416 olim
1100 2385 1130 2415 Ι.
1155 2385 1198 2416 A.
1223 2383 1379 2426 Thuam)
1403 2383 1542 2416 membr.
1553 2382 1586 2416 8.

147 2454 212 2478 sec.
233 2445 281 2478 X.
307 2444 381 2477 foll.
407 2441 482 2476 126.
508 2445 572 2476 col.
598 2443 627 2477 1.
652 2444 734 2476 linu.
758 2441 809 2475 19.
823 2442 879 2475 20.
906 2441 941 2472 ὶιι
962 2439 1070 2484 primo
1095 2438 1254 2471 fasciculo
1280 2439 1368 2482 (foll.
1387 2438 1451 2483 8.),
1474 2439 1508 2471 in
1530 2451 1587 2471 se-

147 2500 324 2544 quentibus
343 2497 398 2532 29.
419 2499 478 2533 30.
529 2499 685 2532 Continet
708 2501 769 2542 Ep.
794 2496 930 2530 1-88.
955 2494 1075 2538 incipit
1108 2495 1382 2528 CONTINENT'
1412 2495 1461 2528 IN
1496 2494 1587 2527 HOC

145 2556 265 2589 codice
282 2557 388 2589 Lucii
406 2557 528 2589 Annei
548 2557 702 2587 Senecae
723 2555 942 2586 Litterarum
972 2550 1160 2582 moralium
1184 2550 1233 2582 ml
1256 2550 1396 2583 Lucilia
1416 2549 1502 2584 libri
1517 2562 1587 2582 mo-

146 2623 252 2644 mero.
269 2612 356 2644 XX.
382 2613 548 2655 (numerus
566 2610 631 2643 alia
656 2621 754 2642 manu
774 2615 809 2641 et
829 2608 896 2640 alio
919 2613 1106 2639 atramento
1130 2605 1284 2649 scriptus)
1308 2605 1479 2638 SENECA
1499 2605 1584 2637 LU-
1603 2621 1606 2624 >

149 2667 266 2700 CILIO
284 2668 371 2700 SUO
394 2667 619 2700 SALUTEM.
651 2667 688 2698 In
708 2666 772 2697 fine
787 2665 870 2696 haec
882 2664 1055 2707 leguntur:
1077 2661 1410 2694 RAGAMBERTUS
1430 2660 1584 2700 QUAM-

145 2723 219 2756 UIS
247 2723 469 2755 lNDIGNUS
490 2721 651 2754 LAICUS
675 2721 787 2753 BARR
798 2720 902 2752 ITUS
924 2718 986 2761 [ita
1007 2718 1077 2749 fere
1097 2729 1185 2749 nunc
1203 2716 1339 2759 legitur:
1375 2715 1436 2748 sed
1460 2715 1583 2760 aliquid

147 2777 330 2822 scripturae
349 2785 400 2811 est
419 2777 585 2822 perditum
599 2802 607 2816 ,
633 2783 670 2809 ut
687 2775 767 2808 olim
786 2774 888 2806 fuisse
910 2773 1062 2806 videatur
1082 2771 1328 2815 BARBATUS]
1350 2771 1480 2804 HUNC
1507 2770 1583 2803 C0—

147 2826 250 2868 DICE
285 2834 493 2868 SCRIPSIT.
551 2832 722 2876 Epistulae
762 2830 954 2874 plerumque
998 2829 1123 2862 habent
1154 2825 1363 2860 salutationis
1395 2825 1584 2866 formulam,

145 2903 276 2935 semper
298 2890 400 2926 Vale.
446 2889 545 2922 Initia
570 2888 730 2920 librorum
750 2897 826 2919 raro
845 2892 1026 2926 notantur,
1059 2883 1119 2917 sed
1141 2881 1260 2915 alicubi
1279 2882 1424 2927 spatium
1446 2892 1585 2915 vacuum
