1742 3094
702 231 993 273 PRAEFATIO.
1515 230 1569 270 xl

139 349 239 392 ωηο
262 346 435 389 seeundo
459 345 633 401 profert,
665 358 767 385 nunc
789 343 888 399 apud
911 341 1105 384 Senecam
1132 354 1211 382 non
1239 341 1436 396 leguntur.
1496 339 1568 383 Ille

138 433 268 468 auten
289 424 409 468 Gellii
436 425 547 466 loeus
577 422 740 464 adduxit
760 422 945 476 quosdam
975 419 1179 470 librarios,
1211 426 1254 460 ut
1274 433 1329 460 ex
1350 418 1437 460 XX
1459 419 1568 461 libris

137 505 313 547 ficei-ent
334 501 484 544 XXII:
516 501 605 553 alii,
647 515 723 556 quo
749 499 924 556 pleniora
948 499 1178 540 viderentur
1201 498 1463 554 exemplaria,
1495 512 1568 539 ex-

138 568 350 633 bibuerunt
377 580 494 622 etiam
525 577 669 621 XXV.
730 577 847 633 Quod
882 577 923 618 in
949 576 1175 631 quibusdam
1199 575 1312 616 codd.
1334 575 1431 631 (ΑΨ
1446 574 1569 618 TSbe

136 657 254 702 Parr.
279 664 406 701 8539.
433 664 562 700 8615.
603 655 748 699 Sorbb.
786 661 911 698 1586.
942 660 1043 697 354.
1086 652 1151 697 St.
1187 653 1326 696 Germ.
1360 659 1485 696 1429.
1512 655 1569 708 ὅ)

136 737 228 786 libri
247 737 406 779 omniuo
426 750 507 778 non
525 735 809 790 significantur,
835 734 931 775 duas
954 747 1093 774 causas
1115 732 1280 774 subesse
1304 740 1421 788 puto:
1452 734 1571 776 libra-

138 815 214 867 rii,
245 829 332 856 eum
357 814 399 856 iu
418 814 505 855 aliis
539 813 828 868 exemplaribus
852 811 966 853 aliam
993 810 1179 853 librorum
1198 810 1486 853 distinctionem
1511 813 1572 854 iu-

44 888 49 890 *
137 893 365 944 venissent,
396 892 517 932 tutius
543 892 742 932 duxerunt
772 903 857 931 eam
880 902 1041 944 prorsus
1076 889 1255 930 omittere
1282 903 1399 944 quam
1434 891 1570 932 falsam

136 970 330 1025 recipere.
389 969 529 1010 deinde
552 968 738 1009 librorum
760 967 872 1008 initia
895 973 936 1007 et
959 966 1059 1007 fines
1082 966 1202 1007 rubro
1219 967 1458 1010 notabantur
1480 977 1570 1025 post

137 1047 354 1090 absolutam
379 1052 589 1087 contextus
610 1044 862 1100 scriptionem
891 1057 965 1085 nec
995 1044 1044 1084 ab
1065 1043 1203 1084 iisdem
1230 1058 1410 1101 semper,
1441 1061 1464 1088 a
1486 1048 1571 1102 qui.

140 1124 216 1167 bus
246 1125 314 1166 ille
348 1131 436 1166 erat
467 1130 655 1165 exaratus
670 1154 683 1175 ‚
727 1122 829 1177 quod
864 1122 1132 1163 demonstrant
1166 1122 1383 1164 litterarum
1415 1125 1570 1167 ductus.

137 1201 317 1258 Apparet
337 1208 468 1244 autem
487 1202 528 1243 id
546 1201 661 1242 facile
683 1207 750 1242 aut
778 1200 936 1241 omnino
961 1200 1135 1255 potuisse
1152 1200 1278 1241 omitti
1307 1208 1374 1243 ant
1397 1210 1506 1245 certe
1527 1204 1582 1246 iuv

140 1279 192 1323 iis
213 1280 330 1332 locis,
351 1280 419 1322 ubi
437 1279 566 1321 minus
584 1279 700 1335 spatii
722 1285 831 1320 esset
849 1278 1043 1319 relictum.
1086 1276 1196 1319 Idem
1217 1279 1324 1320 valet
1345 1280 1393 1321 de
1403 1280 1444 1335 *)
1466 1282 1572 1324 salu-

141 1358 300 1400 tationis
323 1358 505 1399 formula.
546 1356 750 1411 Subiungo
774 1356 957 1406 tabulam,
981 1355 1022 1396 in
1046 1369 1122 1410 qua
1145 1357 1436 1412 conspiciuntur
1453 1360 1573 1402 libro·

139 1449 228 1476 rum
258 1434 371 1476 initia
399 1435 543 1476 notatis
575 1434 626 1476 iis
661 1433 859 1490 epistoIiS‚
891 1446 914 1473 a
945 1433 1084 1488 quibus
1116 1433 1319 1489 incipiunt.
1382 1434 1572 1480 Codicum

138 1518 327 1554 ustorum
349 1512 705 1568 impressorumque
735 1511 872 1552 eadem
905 1516 998 1551 sunt
1019 1511 1156 1566 sigua,
1189 1512 1326 1566 quibus
1350 1514 1439 1555 alibi
1464 1523 1570 1569 utor,

138 1596 296 1645 praeter
309 1588 403 1631 Vet
419 1605 467 1641 υ,
498 1603 662 1644 quorum
683 1589 756 1629 hoc
776 1588 970 1642 siguificat
994 1589 1082 1629 cod.
1103 1587 1330 1631 Vindobon.
1358 1589 1468 1634 CCI.
1489 1595 1572 1649 (se-

141 1667 308 1732 eundum
332 1665 561 1719 Endliclieri
583 1666 819 1720 rationem),
849 1666 944 1707 illud
970 1666 1060 1707 cod.
1085 1665 1312 1710 Vindobon.
1334 1668 1423 1712 CC.
1437 1702 1451 1722 ‚
1482 1686 1572 1714 eum

141 1759 218 1800 quo
232 1745 458 1786 consentire
479 1745 621 1786 dicitur
630 1744 803 1786 eiusdem
818 1743 1075 1786 bibliothecae
1094 1745 1183 1786 cod.
1201 1743 1331 1788 CCII.
1350 1747 1412 1790 sR
1428 1750 1574 1792 indicat

141 1822 352 1864 summaria
380 1822 506 1864 codici
526 1822 567 1864 R
588 1822 763 1864 adiecta:
807 1834 853 1862 ea
881 1821 1036 1863 laudavi
1066 1829 1240 1875 tantum,
1273 1826 1339 1867 ubi
1370 1841 1458 1868 cum
1486 1829 1572 1884 ipso

143 1900 278 1942 codice
302 1900 541 1951 discordant,
572 1901 614 1941 in
637 1914 712 1954 quo
735 1899 823 1940 libri
846 1899 940 1940 noni
963 1900 1051 1940 linis
1074 1901 1291 1955 decimique
1317 1903 1469 1945 initium
1492 1920 1573 1947 non

145 1985 375 2018 cernuntur.
434 1984 641 2030 utrumque
670 1977 923 2030 supplendum
964 1989 1054 2016 esse
1094 1984 1186 2017 aute
1217 1977 1296 2032 Ep.
1325 1987 1395 2021 71.
1433 1983 1573 2037 colligo

141 2053 249 2104 inde,
280 2053 383 2108 quod
404 2066 453 2094 ea
471 2066 550 2093 una
569 2052 739 2093 omnium
762 2059 873 2093 caret
893 2060 1139 2107 argumento,
1172 2055 1272 2109 quod
1296 2057 1443 2099 dicunt.
1490 2059 1574 2102 Uu-

145 2144 215 2172 eos
234 2129 495 2180 circumdedi,
527 2129 623 2170 siin
652 2143 728 2183 quo
758 2129 893 2170 codice
920 2129 1072 2171 initium
1098 2131 1187 2173 libri
1208 2147 1287 2174 uon
1314 2135 1571 2190 significatur,

145 2207 216 2249 sed
243 2207 440 2248 divinatur
467 2214 632 2248 tantum.

146 2327 231 2361 tium
251 2329 317 2371 Bp.
334 2325 522 2361 89—124.
549 2328 702 2372 (primum
736 2335 771 2360 et
802 2328 982 2361 secundum
1008 2341 1109 2374 saepe
1138 2339 1215 2364 sunt
1248 2335 1456 2379 ennianum:
1496 2338 1575 2371 hinc

148 2400 241 2427 reete
263 2393 427 2436 colligitur
449 2401 601 2438 quartum
622 2394 779 2427 volumen
801 2394 965 2438 integrum
987 2396 1165 2440 deperisse.

234 2459 271 2500 ²⁸)
293 2460 475 2493 Exturbata
496 2467 547 2493 est
567 2472 606 2493 ea
624 2460 724 2493 etiam
742 2472 762 2493 a
780 2462 980 2503 summariis,
1016 2475 1099 2508 quae
1131 2465 1227 2498 multi
1260 2467 1357 2500 codd.
1382 2470 1463 2513 (non
1483 2471 1574 2503 auti-

151 2524 312 2570 quissimi)
331 2523 465 2568 singuli:
485 2526 632 2570 epistolis
650 2527 845 2570 praefigunt.
