1742 3094
150 230 222 268 XX
719 231 1011 271 PRAEFATIO.

153 347 274 383 gruunt
296 352 395 384 saepe
418 353 491 374 cum
511 341 684 384 scripturis
713 353 753 373 ex
786 341 861 374 cod.
883 341 1179 374 Dominicanorum
1198 342 1359 375 laudatis:
1392 353 1461 374 non
1479 348 1591 374 tamen

154 396 201 429 ita
223 395 390 428 dissimilis
422 404 472 428 est
494 397 600 429 nostri
622 398 664 431 G.
713 398 743 440 e)
770 397 848 430 cod.
868 397 1166 431 Aldersbacensis
1190 399 1388 442 (asservatur
1413 398 1448 430 in
1469 398 1594 430 biblio-

154 452 254 485 theca
273 452 480 495 Monacensi)
509 465 574 485 sec.
597 454 694 485 XIII.
717 454 856 486 membr.
878 454 905 485 F
907 454 951 487 ol.
972 454 1122 487 continet
1142 454 1204 498 Ep.
1230 453 1304 487 1-
1318 454 1371 487 10.
1417 453 1479 486 His
1503 453 1595 486 libris

155 508 285 541 adiutus
317 508 506 541 Ludovicus
530 509 572 541 de
594 510 653 542 Ian
679 521 711 542 v.
738 509 780 542 cl.
802 521 870 542 non
899 521 1023 554 paucos
1046 509 1269 554 Epistularum
1291 510 1384 543 locos
1408 510 1494 542 bene
1517 521 1595 542 cor-

155 563 250 597 rexit.

269 629 324 671 11.
369 629 538 673 Codices
563 633 611 673 ad
638 633 736 674 hanc
764 633 974 675 editionem
1000 641 1067 675 aut
1086 634 1250 689 primum
1275 641 1342 675 aut
1364 635 1492 675 denuo
1524 646 1596 674 ex-

158 699 277 739 cussi.
342 704 419 749 (Qui
444 703 477 735 iu
501 703 749 747 Prolegomenis
780 714 848 737 non
879 711 956 736 sunt
984 704 1162 749 descripti,
1200 717 1257 738 eos
1279 705 1334 738 hic
1362 705 1478 738 stellae
1499 704 1595 748 signo

157 766 295 809 notavi.)

241 840 280 875 1.
317 831 487 875 Codices
513 831 754 873 Germanici.

247 901 281 944 a)
309 904 338 933 A
363 899 648 945 (Amplcmianus.
681 898 903 931 bibliothecae
926 899 1185 943 Amplonianae,
1224 911 1308 944 quae
1330 898 1596 941 Erfordiaetst)

154 957 292 989 membr.
317 968 383 988 sec.
405 957 484 988 XII.
513 953 547 988 4.
568 955 643 986 foll.
658 952 747 994 110.‚
773 954 836 987 col.
863 954 892 994 1,
917 955 999 987 linn.
1023 954 1078 987 21.
1125 955 1229 988 Liber
1248 962 1402 988 accurate
1427 962 1462 988 et
1492 954 1599 987 nitide

158 1013 301 1055 scriptus
338 1012 441 1044 habet
471 1017 605 1054 praeter
625 1010 822 1054 Hieronymi
853 1010 963 1042 locum
997 1011 1039 1043 de
1058 1013 1183 1044 Seneca
1215 1023 1254 1044 ac
1279 1014 1425 1044 Senecae
1452 1017 1487 1043 et
1507 1010 1600 1044 Pauli

159 1067 325 1111 Epistolas
348 1067 537 1110 suppositas
559 1067 621 1109 Ep.
648 1065 665 1097 1
680 1085 723 1090 —
737 1064 790 1097 52.
816 1065 859 1098 de
879 1066 982 1098 Clem.
1006 1068 1030 1106 I,
1053 1065 1069 1098 1
1083 1085 1127 1091 —
1141 1065 1194 1107 18,
1213 1066 1246 1100 2.
1273 1076 1328 1100 est
1348 1067 1490 1113 aliquid
1506 1067 1600 1112 quod

157 1126 196 1156 in
217 1124 404 1156 hominem.
451 1123 530 1154 Non
562 1121 707 1164 optimos
729 1121 861 1165 quidem
887 1128 1024 1165 aequat,
1050 1122 1110 1154 sed
1135 1130 1226 1155 certe
1254 1123 1343 1155 inter
1362 1123 1517 1156 meliores
1548 1128 1599 1154 est

156 1178 365 1212 referendus.
419 1179 461 1210 cf.
486 1178 528 1209 de
555 1189 596 1210 eo
619 1177 728 1211 Ruhk.
755 1177 823 1210 vol.
846 1179 870 1209 I.
897 1179 1002 1222 praef.
1023 1190 1057 1222 p.
1082 1179 1126 1210 X.
1151 1179 1300 1222 (Contuli
1323 1191 1396 1212 cum
1419 1179 1490 1222 2²4.)

250 1235 282 1278 b)
310 1236 336 1266 B
359 1233 661 1279 (Bambergensis.
686 1235 732 1265 M.
754 1234 795 1264 V.
819 1232 871 1266 14.
897 1234 994 1266 Iaeck
1014 1235 1057 1266 N.
1077 1232 1191 1278 1088.)
1214 1235 1352 1268 membr.
1377 1247 1443 1268 sec.
1468 1236 1529 1268 IX.
1546 1235 1600 1268 vel

155 1293 202 1324 X.
226 1292 258 1324 4.
284 1290 358 1323 foll.
385 1288 459 1323 133.
489 1290 535 1334 (in
558 1296 707 1321 extremo
731 1289 816 1321 duae
840 1296 971 1322 tautum
993 1297 1070 1322 sunt
1090 1290 1197 1323 lineae
1222 1297 1255 1323 et
1276 1291 1452 1334 dimidia),
1477 1291 1542 1324 col.
1567 1291 1598 1323 1.

156 1347 236 1379 linn.
251 1345 292 1378 21
308 1353 342 1378 et
364 1344 419 1378 22.
445 1345 595 1377 continet
615 1345 861 1390 Epistularum
884 1347 1081 1379 Moralium
1099 1346 1121 1378 l.
1134 1347 1217 1378 XIV
1229 1348 1354 1380 —XX
1373 1347 1461 1391 (libri
1471 1349 1599 1382 XVIII.

158 1402 290 1434 initium
313 1413 380 1433 non
401 1401 615 1444 significatur)
636 1400 659 1432 i.
674 1412 703 1432 e.
727 1402 790 1444 Ep.
812 1398 910 1433 89-
926 1400 1001 1434 124.
1027 1413 1164 1445 quarum
1191 1401 1328 1445 singulis
1358 1403 1600 1447 praescriptum

160 1460 295 1491 Seneca
318 1457 457 1490 Lucilio
482 1469 544 1490 suo
565 1457 738 1497 salutem,
775 1456 959 1489 subiectum
985 1458 1085 1491 Vale.
1132 1458 1234 1490 Liber
1262 1470 1282 1491 a
1305 1458 1433 1491 duobus
1453 1459 1507 1492 vel
1534 1459 1600 1491 tri-

158 1514 219 1546 bus
243 1513 382 1546 librariis
417 1512 496 1544 satis
526 1512 632 1544 nitide
657 1519 807 1544 exaratus
830 1513 969 1545 eandem
1001 1514 1072 1545 fere
1093 1520 1204 1545 servat
1234 1514 1400 1546 scribendi
1423 1514 1598 1554 rationem,

161 1581 245 1614 quae
274 1575 382 1601 exstat
405 1568 437 1599 in
463 1568 692 1601 vetustissimis
712 1567 843 1611 Virgilii
871 1569 963 1601 mstis
987 1568 1142 1601 Mediceo
1165 1576 1199 1601 et
1219 1569 1400 1602 Vaticano:
1435 1581 1504 1602 non
1523 1582 1600 1603 raro

159 1633 273 1658 tamen
296 1623 439 1667 singulas
461 1624 605 1668 syllabas
626 1631 660 1656 et
682 1635 781 1656 voces
803 1624 927 1656 omittit
947 1631 1004 1657 aut
1025 1624 1074 1656 bis
1094 1625 1201 1668 ponit.
1236 1625 1368 1669 Insigne
1387 1625 1601 1659 additamen—

159 1689 231 1714 tum
251 1680 353 1713 habet
374 1681 435 1724 Ep.
460 1679 546 1720 110,
572 1678 626 1713 17.
651 1687 685 1712 et
707 1680 771 1712 alia
793 1680 892 1712 vitia:
927 1680 1032 1713 nihilo
1053 1687 1165 1712 tamen
1187 1681 1293 1713 secius
1314 1693 1464 1715 meorum
1490 1682 1599 1715 libro-

161 1750 234 1770 rum
256 1743 308 1769 est
329 1736 629 1780 praestantissimus
650 1743 684 1768 et
707 1736 815 1768 codici
837 1739 879 1769 Sa
899 1743 970 1769 tam
991 1736 1106 1769 similis
1119 1761 1127 1777 ‚
1162 1744 1198 1768 ut
1221 1737 1355 1780 singulis
1379 1738 1452 1771 fere
1471 1738 1600 1783 paginis

162 1794 249 1826 inter
271 1805 307 1825 se
328 1792 564 1836 respondeant.
616 1792 763 1836 (Contuli
788 1804 862 1824 cum
884 1792 954 1836 24.)

251 1849 282 1892 c)
307 1849 330 1881 b
346 1849 429 1892 (ipse
442 1847 732 1893 Bambergensis.
757 1849 805 1880 M.
820 1850 876 1881 IV.
889 1846 921 1881 4.
940 1849 1039 1881 Iaeck
1058 1848 1104 1881 N.
1118 1846 1230 1892 1090.)
1251 1850 1389 1882 membr.
1413 1862 1510 1894 pagg.
1524 1850 1600 1884 125.

160 1905 234 1938 Fol.
281 1906 417 1938 Praeter
438 1904 502 1936 alia
521 1904 622 1937 habet
641 1906 785 1936 Senecae
808 1906 894 1948 Epp.
917 1904 971 1939 52.
991 1905 1119 1948 priores
1147 1907 1257 1949 (pagg.
1279 1903 1454 1949 69-92.)
1478 1907 1556 1939 coll.
1567 1906 1601 1940 2.

160 1961 242 1996 linn.
262 1961 316 1994 55.
343 1959 399 1993 57.
422 1958 476 1992 80.
499 1958 555 1993 83.
580 1971 646 1994 sec.
666 1961 760 1992 XIII.
785 1960 960 1992 emendate
981 1968 1016 1993 et
1035 1960 1139 1993 nitide
1163 1961 1310 2005 quamvis
1329 1961 1463 1994 minutis
1483 1962 1603 1996 litteris

162 2017 312 2060 scriptas.
360 2015 492 2048 Desinit
512 2016 574 2058 Ep.
587 2014 642 2047 52.
664 2014 699 2047 in
717 2016 819 2048 verba
841 2028 911 2049 non
933 2017 1105 2050 laudatur
1126 2017 1190 2049 ille
1209 2029 1304 2049 nunc
1325 2015 1421 2060 §13.,
1447 2029 1521 2050 cum
1536 2018 1603 2052 duo

163 2072 246 2105 folia
269 2078 402 2104 exsecta
423 2070 508 2102 sint:
535 2070 663 2114 reliqua
687 2071 833 2103 eiusdem
853 2072 1015 2115 epistolae
1037 2072 1102 2105 alia
1118 2084 1233 2104 manus
1247 2072 1281 2104 in
1296 2073 1444 2115 margine
1463 2074 1603 2117 supple—

164 2128 221 2159 vit.
269 2126 463 2170 Descriptus
484 2137 555 2157 esse
578 2126 710 2158 videtur
732 2138 773 2157 ex
794 2129 842 2158 A:
876 2139 954 2159 nam
987 2127 1107 2170 ubique
1141 2128 1213 2159 {lere
1236 2138 1310 2159 cum
1339 2128 1405 2160 hoc
1437 2130 1604 2163 consentit

163 2190 197 2215 et
219 2185 280 2226 Ep.
302 2180 357 2222 48,
380 2180 411 2214 7.
440 2181 541 2214 verba
569 2181 730 2225 quisquis
752 2199 798 2205 --
822 2182 1130 2227 respondentium,
1166 2194 1249 2226 quae
1271 2183 1306 2214 in
1326 2184 1355 2214 A
1374 2184 1504 2226 punctis
1527 2193 1604 2218 sunt

163 2245 300 2278 notata,
326 2237 462 2269 omittit.
509 2237 606 2268 Hane
628 2237 671 2268 ob
697 2248 827 2269 causam
846 2249 922 2270 raro
944 2244 1074 2270 tantum
1097 2237 1229 2271 laudavi
1251 2238 1400 2271 codicem
1423 2239 1457 2272 b.
1495 2241 1602 2284 (Con-

163 2293 224 2326 tuli
249 2305 323 2326 cum
341 2293 410 2335 24.)

260 2349 297 2392 d)
327 2347 698 2392 G(Guelserlgytanus.
747 2348 834 2381 Gud.
848 2349 899 2382 10.
919 2349 1023 2382 Ebert
1034 2350 1077 2382 N.
1090 2347 1182 2393 765.)
1206 2361 1272 2382 sec.
1284 2350 1376 2383 XIV.
1395 2350 1440 2383 in.
1463 2347 1602 2385 membr.

166 2405 240 2439 soll.
259 2403 338 2438 287.
371 2404 447 2436 coll.
468 2403 501 2436 2.
538 2404 667 2436 formae
697 2404 869 2451 maximae.
920 2405 1077 2438 Continet
1104 2407 1144 2438 L.
1169 2406 1297 2438 Annaei
1326 2408 1472 2440 Senecae
1501 2420 1602 2452 opera

165 2461 275 2495 omnia
302 2467 435 2504 praeter
454 2459 585 2491 Ludum
599 2485 607 2500 ‚
646 2460 808 2504 quaedam
833 2461 1005 2504 supposita
1033 2468 1068 2493 et
1092 2463 1139 2493 M.
1164 2463 1309 2494 Senecae
1324 2463 1600 2497 Declamationes.

163 2516 335 2562 Epistolae
347 2541 355 2557 ‚
383 2527 519 2559 quarum
541 2516 677 2559 singulis
697 2516 872 2548 summaria
892 2523 970 2548 sunt
990 2517 1135 2560 praefixa
1147 2543 1156 2557 ‚
1190 2517 1224 2549 in
1243 2519 1346 2551 XXII
1373 2519 1476 2553 libros
1504 2519 1601 2563 dige-

162 2580 280 2606 runtur
300 2579 334 2604 et
355 2583 431 2604 raro
462 2572 586 2604 habent
608 2572 815 2604 salutationis
839 2573 1034 2613 formulam,
1070 2585 1201 2617 semper
1228 2575 1265 2607 V
1261 2574 1329 2614 ule.
1375 2577 1438 2618 Ep.
1460 2572 1516 2607 88.
1540 2586 1600 2606 suo

161 2629 239 2662 loco
264 2629 384 2662 omissa
410 2627 534 2671 legitur
556 2628 617 2660 fol.
639 2625 695 2661 97.
718 2635 751 2660 et
774 2628 819 2661 de
838 2637 972 2673 septem
999 2629 1206 2662 liberalibus
1234 2629 1372 2662 artibus
1400 2629 1599 2662 inscribitur.

161 2687 200 2718 In
226 2684 385 2729 Epistolis
405 2683 459 2716 hic
488 2683 572 2716 liber
590 2683 771 2716 deteriores
799 2690 930 2716 secutus
953 2684 1109 2728 pleraque
1131 2685 1234 2717 habet
1254 2697 1327 2718 cum
1348 2686 1370 2720 fi
1393 2685 1481 2729 (Pl.)
1503 2697 1599 2719 com—

159 2741 279 2774 munia.
327 2742 452 2773 Totum
473 2739 623 2772 codicem
644 2740 788 2772 correxit
811 2740 1031 2773 Guidomarus
1052 2740 1206 2780 Det-iani,
1238 2735 1298 2783 *qui
1320 2740 1428 2773 varias
1451 2741 1598 2785 scriptu—

160 2809 212 2830 ras
233 2796 354 2829 multas
374 2803 443 2828 tam
464 2795 551 2828 inter
569 2795 671 2828 lineas
695 2807 792 2839 quarn
814 2795 847 2828 in
872 2797 937 2828 oris
960 2797 1072 2841 posuit
1096 2803 1131 2828 et
1151 2796 1234 2828 haec
1251 2795 1460 2839 subscripsit:
1487 2797 1599 2830 Seue-

159 2867 198 2886 ce
223 2854 268 2886 de
300 2852 484 2897 beneficiis
507 2851 598 2922 lib-er
621 2853 703 2886 VII.
727 2852 883 2897 explicit.
931 2856 977 2885 Et
1010 2852 1191 2886 sciendum
1216 2852 1309 2896 quod
1340 2853 1410 2886 iste
1442 2852 1532 2886 liber
1563 2861 1598 2886 et
