<?xml version="1.0" encoding="UTF-8"?>
<!DOCTYPE html PUBLIC "-//W3C//DTD XHTML 1.0 Transitional//EN"
    "http://www.w3.org/TR/xhtml1/DTD/xhtml1-transitional.dtd">
<html xmlns="http://www.w3.org/1999/xhtml" xml:lang="en" lang="en">
 <head>
  <title>
</title>
<meta http-equiv="Content-Type" content="text/html;charset=utf-8" />
  <meta name='ocr-system' content='tesseract 3.04.00' />
  <meta name='ocr-capabilities' content='ocr_page ocr_carea ocr_par ocr_line ocrx_word'/>
</head>
<body>
  <div class='ocr_page' id='page_1' title='image "./operasene01seneuoft_0612.png"; bbox 0 0 1742 3094; ppageno 0'>
   <div class='ocr_carea' id='block_1_1' title="bbox 186 186 1174 232">
    <p class='ocr_par' dir='ltr' id='par_1_1' title="bbox 186 186 1174 232">
     <span class='ocr_line' id='line_1_1' title="bbox 186 186 1174 232; baseline -0.004 -2"><span class='ocrx_word' id='word_1_1' title='bbox 186 187 269 232; x_wconf 77' lang='lat'><strong>572</strong></span> <span class='ocrx_word' id='word_1_2' title='bbox 643 187 686 227; x_wconf 88' lang='lat' dir='ltr'><strong>L.</strong></span> <span class='ocrx_word' id='word_1_3' title='bbox 717 186 912 227; x_wconf 85' lang='lat' dir='ltr'><strong>ANNAEl</strong></span> <span class='ocrx_word' id='word_1_4' title='bbox 943 187 1174 228; x_wconf 87' lang='lat' dir='ltr'><strong>SENECAE</strong></span> 
     </span>
    </p>
   </div>
   <div class='ocr_carea' id='block_1_2' title="bbox 142 297 1628 892">
    <p class='ocr_par' dir='ltr' id='par_1_2' title="bbox 185 297 1623 356">
     <span class='ocr_line' id='line_1_2' title="bbox 185 297 1623 356; baseline -0.002 -15"><span class='ocrx_word' id='word_1_5' title='bbox 185 299 312 342; x_wconf 90' lang='lat' dir='ltr'><strong>riendi</strong></span> <span class='ocrx_word' id='word_1_6' title='bbox 335 312 476 341; x_wconf 86' lang='lat' dir='ltr'><strong>causae</strong></span> <span class='ocrx_word' id='word_1_7' title='bbox 507 299 622 341; x_wconf 86' lang='lat' dir='ltr'><strong>etiam</strong></span> <span class='ocrx_word' id='word_1_8' title='bbox 645 299 742 341; x_wconf 88' lang='lat' dir='ltr'><strong>citra</strong></span> <span class='ocrx_word' id='word_1_9' title='bbox 769 313 926 341; x_wconf 87' lang='lat' dir='ltr'><strong>crucem</strong></span> <span class='ocrx_word' id='word_1_10' title='bbox 959 299 1139 351; x_wconf 86' lang='lat' dir='ltr'><strong>fuerant,</strong></span> <span class='ocrx_word' id='word_1_11' title='bbox 1183 297 1347 356; x_wconf 81' lang='lat' dir='ltr'><strong>trabere</strong></span> <span class='ocrx_word' id='word_1_12' title='bbox 1373 298 1541 339; x_wconf 86' lang='lat' dir='ltr'><strong>animam</strong></span> <span class='ocrx_word' id='word_1_13' title='bbox 1565 304 1623 339; x_wconf 88' lang='lat' dir='ltr'><strong>tot</strong></span> 
     </span>
    </p>

    <p class='ocr_par' dir='ltr' id='par_1_3' title="bbox 142 365 1628 892">
     <span class='ocr_line' id='line_1_3' title="bbox 142 365 1623 422; baseline -0.003 -12"><span class='ocrx_word' id='word_1_14' title='bbox 142 383 175 411; x_wconf 80' lang='lat'><strong>15</strong></span> <span class='ocrx_word' id='word_1_15' title='bbox 193 374 385 410; x_wconf 86' lang='lat' dir='ltr'><strong>tormenta</strong></span> <span class='ocrx_word' id='word_1_16' title='bbox 417 368 656 408; x_wconf 82' lang='lat' dir='ltr'><strong>tracturam?</strong></span> <span class='ocrx_word' id='word_1_17' title='bbox 710 366 829 422; x_wconf 88' lang='lat' dir='ltr'><strong>Nega</strong></span> <span class='ocrx_word' id='word_1_18' title='bbox 851 381 954 408; x_wconf 91' lang='lat' dir='ltr'><strong>nunc</strong></span> <span class='ocrx_word' id='word_1_19' title='bbox 977 380 1157 422; x_wconf 85' lang='lat' dir='ltr'><strong>magnum</strong></span> <span class='ocrx_word' id='word_1_20' title='bbox 1179 365 1410 407; x_wconf 84' lang='lat' dir='ltr'><strong>beneficium</strong></span> <span class='ocrx_word' id='word_1_21' title='bbox 1437 379 1528 407; x_wconf 89' lang='lat' dir='ltr'><strong>esse</strong></span> <span class='ocrx_word' id='word_1_22' title='bbox 1553 379 1623 406; x_wconf 91' lang='lat' dir='ltr'><strong>na-</strong></span> 
     </span>
     <span class='ocr_line' id='line_1_4' title="bbox 184 432 1623 490; baseline -0.002 -14"><span class='ocrx_word' id='word_1_23' title='bbox 184 443 318 487; x_wconf 83' lang='lat' dir='ltr'><strong>turae,</strong></span> <span class='ocrx_word' id='word_1_24' title='bbox 363 435 465 490; x_wconf 88' lang='lat' dir='ltr'><strong>quod</strong></span> <span class='ocrx_word' id='word_1_25' title='bbox 493 448 658 476; x_wconf 88' lang='lat' dir='ltr'><strong>necesse</strong></span> <span class='ocrx_word' id='word_1_26' title='bbox 679 441 740 475; x_wconf 89' lang='lat' dir='ltr'><strong>est</strong></span> <span class='ocrx_word' id='word_1_27' title='bbox 763 434 879 475; x_wconf 88' lang='lat' dir='ltr'><strong>mori.</strong></span> <span class='ocrx_word' id='word_1_28' title='bbox 938 432 1056 475; x_wconf 90' lang='lat' dir='ltr'><strong>Multi</strong></span> <span class='ocrx_word' id='word_1_29' title='bbox 1083 434 1219 490; x_wconf 88' lang='lat' dir='ltr'><strong>peiora</strong></span> <span class='ocrx_word' id='word_1_30' title='bbox 1243 434 1367 475; x_wconf 86' lang='lat' dir='ltr'><strong>adhuc</strong></span> <span class='ocrx_word' id='word_1_31' title='bbox 1390 433 1534 489; x_wconf 88' lang='lat' dir='ltr'><strong>pacisci</strong></span> <span class='ocrx_word' id='word_1_32' title='bbox 1556 446 1623 488; x_wconf 89' lang='lat' dir='ltr'><strong>pa-</strong></span> 
     </span>
     <span class='ocr_line' id='line_1_5' title="bbox 183 500 1623 557; baseline -0.002 -13"><span class='ocrx_word' id='word_1_33' title='bbox 183 503 260 544; x_wconf 88' lang='lat' dir='ltr'><strong>rati</strong></span> <span class='ocrx_word' id='word_1_34' title='bbox 280 510 394 544; x_wconf 85' lang='lat' dir='ltr'><strong>sunt:</strong></span> <span class='ocrx_word' id='word_1_35' title='bbox 436 504 554 543; x_wconf 87' lang='lat' dir='ltr'><strong>etiam</strong></span> <span class='ocrx_word' id='word_1_36' title='bbox 580 502 745 543; x_wconf 88' lang='lat' dir='ltr'><strong>amicum</strong></span> <span class='ocrx_word' id='word_1_37' title='bbox 769 503 935 557; x_wconf 78' lang='lat' dir='ltr'>prodere</span> <span class='ocrx_word' id='word_1_38' title='bbox 950 533 962 554; x_wconf 91' lang='lat'><strong><em>‚</em></strong></span> <span class='ocrx_word' id='word_1_39' title='bbox 993 508 1036 542; x_wconf 90' lang='lat' dir='ltr'><strong>ut</strong></span> <span class='ocrx_word' id='word_1_40' title='bbox 1055 502 1198 543; x_wconf 90' lang='lat' dir='ltr'><strong>diutius</strong></span> <span class='ocrx_word' id='word_1_41' title='bbox 1221 501 1380 552; x_wconf 87' lang='lat' dir='ltr'><strong>uiuant,</strong></span> <span class='ocrx_word' id='word_1_42' title='bbox 1414 507 1455 541; x_wconf 87' lang='lat' dir='ltr'><strong>et</strong></span> <span class='ocrx_word' id='word_1_43' title='bbox 1477 500 1623 542; x_wconf 87' lang='lat' dir='ltr'><strong>liberos</strong></span> 
     </span>
     <span class='ocr_line' id='line_1_6' title="bbox 187 568 1625 626; baseline -0.003 -14"><span class='ocrx_word' id='word_1_44' title='bbox 187 571 236 612; x_wconf 88' lang='lat' dir='ltr'><strong>ad</strong></span> <span class='ocrx_word' id='word_1_45' title='bbox 257 578 432 626; x_wconf 80' lang='lat' dir='ltr'><strong>stuprum</strong></span> <span class='ocrx_word' id='word_1_46' title='bbox 460 584 578 611; x_wconf 91' lang='lat' dir='ltr'><strong>manu</strong></span> <span class='ocrx_word' id='word_1_47' title='bbox 607 583 677 610; x_wconf 92' lang='lat' dir='ltr'><strong>sua</strong></span> <span class='ocrx_word' id='word_1_48' title='bbox 708 569 890 620; x_wconf 80' lang='lat' dir='ltr'><strong>tradere,</strong></span> <span class='ocrx_word' id='word_1_49' title='bbox 936 575 980 610; x_wconf 94' lang='lat' dir='ltr'><strong>ut</strong></span> <span class='ocrx_word' id='word_1_50' title='bbox 1000 569 1200 624; x_wconf 86' lang='lat' dir='ltr'><strong>contingat</strong></span> <span class='ocrx_word' id='word_1_51' title='bbox 1237 569 1363 610; x_wconf 89' lang='lat' dir='ltr'><strong>lucem</strong></span> <span class='ocrx_word' id='word_1_52' title='bbox 1397 568 1533 609; x_wconf 88' lang='lat' dir='ltr'><strong>uidere</strong></span> <span class='ocrx_word' id='word_1_53' title='bbox 1566 574 1625 608; x_wconf 88' lang='lat' dir='ltr'><strong>tot</strong></span> 
     </span>
     <span class='ocr_line' id='line_1_7' title="bbox 186 635 1623 694; baseline -0.003 -15"><span class='ocrx_word' id='word_1_54' title='bbox 186 638 383 679; x_wconf 78' lang='lat' dir='ltr'><strong>consciam</strong></span> <span class='ocrx_word' id='word_1_55' title='bbox 406 637 616 694; x_wconf 86' lang='lat' dir='ltr'><strong>scelerum.</strong></span> <span class='ocrx_word' id='word_1_56' title='bbox 650 670 652 672; x_wconf 14' lang='grc' dir='ltr'><em>ν</em></span> <span class='ocrx_word' id='word_1_57' title='bbox 677 635 927 677; x_wconf 79' lang='lat' dir='ltr'>Excutienda</span> <span class='ocrx_word' id='word_1_58' title='bbox 945 635 1050 677; x_wconf 87' lang='lat' dir='ltr'><strong>uitae</strong></span> <span class='ocrx_word' id='word_1_59' title='bbox 1075 637 1212 692; x_wconf 91' lang='lat' dir='ltr'><strong>cupido</strong></span> <span class='ocrx_word' id='word_1_60' title='bbox 1237 643 1298 677; x_wconf 88' lang='lat' dir='ltr'><strong>est</strong></span> <span class='ocrx_word' id='word_1_61' title='bbox 1319 635 1623 689; x_wconf 85' lang='lat' dir='ltr'><strong>discendumque</strong></span> 
     </span>
     <span class='ocr_line' id='line_1_8' title="bbox 184 703 1622 759; baseline -0.002 -13"><span class='ocrx_word' id='word_1_62' title='bbox 184 705 281 746; x_wconf 87' lang='lat' dir='ltr'><strong>nibil</strong></span> <span class='ocrx_word' id='word_1_63' title='bbox 305 706 500 746; x_wconf 89' lang='lat' dir='ltr'><strong>interesse</strong></span> <span class='ocrx_word' id='word_1_64' title='bbox 533 704 686 758; x_wconf 88' lang='lat' dir='ltr'><strong>quando</strong></span> <span class='ocrx_word' id='word_1_65' title='bbox 715 704 876 759; x_wconf 89' lang='lat' dir='ltr'><strong>patiaris</strong></span> <span class='ocrx_word' id='word_1_66' title='bbox 904 703 1006 758; x_wconf 85' lang='lat' dir='ltr'><strong>quod</strong></span> <span class='ocrx_word' id='word_1_67' title='bbox 1037 704 1268 758; x_wconf 89' lang='lat' dir='ltr'><strong>quandoque</strong></span> <span class='ocrx_word' id='word_1_68' title='bbox 1293 703 1526 758; x_wconf 87' lang='lat' dir='ltr'><strong>patiendum·</strong></span> <span class='ocrx_word' id='word_1_69' title='bbox 1546 709 1622 743; x_wconf 89' lang='lat' dir='ltr'><strong>est.</strong></span> 
     </span>
     <span class='ocr_line' id='line_1_9' title="bbox 188 769 1628 827; baseline -0.002 -15"><span class='ocrx_word' id='word_1_70' title='bbox 188 771 318 826; x_wconf 83' lang='lat' dir='ltr'><strong>Quam</strong></span> <span class='ocrx_word' id='word_1_71' title='bbox 339 773 440 812; x_wconf 89' lang='lat' dir='ltr'><strong>bene</strong></span> <span class='ocrx_word' id='word_1_72' title='bbox 459 772 571 812; x_wconf 92' lang='lat' dir='ltr'><strong>uiuas</strong></span> <span class='ocrx_word' id='word_1_73' title='bbox 597 772 744 823; x_wconf 85' lang='lat' dir='ltr'><strong>refert,</strong></span> <span class='ocrx_word' id='word_1_74' title='bbox 777 785 855 812; x_wconf 90' lang='lat' dir='ltr'><strong>non</strong></span> <span class='ocrx_word' id='word_1_75' title='bbox 881 771 1087 826; x_wconf 85' lang='lat' dir='ltr'>quamdiu:</span> <span class='ocrx_word' id='word_1_76' title='bbox 1120 784 1239 827; x_wconf 83' lang='lat' dir='ltr'><strong>saepe</strong></span> <span class='ocrx_word' id='word_1_77' title='bbox 1262 777 1391 812; x_wconf 90' lang='lat' dir='ltr'><strong>autem</strong></span> <span class='ocrx_word' id='word_1_78' title='bbox 1411 769 1453 811; x_wconf 89' lang='lat' dir='ltr'><strong>in</strong></span> <span class='ocrx_word' id='word_1_79' title='bbox 1472 769 1545 810; x_wconf 90' lang='lat' dir='ltr'><strong>hoc</strong></span> <span class='ocrx_word' id='word_1_80' title='bbox 1567 776 1628 810; x_wconf 89' lang='lat' dir='ltr'><strong>est</strong></span> 
     </span>
     <span class='ocr_line' id='line_1_10' title="bbox 187 838 675 892; baseline -0.002 -11"><span class='ocrx_word' id='word_1_81' title='bbox 187 841 314 892; x_wconf 79' lang='lat' dir='ltr'><strong>bene,</strong></span> <span class='ocrx_word' id='word_1_82' title='bbox 347 854 397 881; x_wconf 90' lang='lat' dir='ltr'><strong>ne</strong></span> <span class='ocrx_word' id='word_1_83' title='bbox 421 839 502 881; x_wconf 87' lang='lat' dir='ltr'><strong>diu.</strong></span> <span class='ocrx_word' id='word_1_84' title='bbox 562 838 675 882; x_wconf 84' lang='lat' dir='ltr'>Uale.</span> 
     </span>
    </p>
   </div>
   <div class='ocr_carea' id='block_1_3' title="bbox 607 951 1210 1008">
    <p class='ocr_par' dir='ltr' id='par_1_4' title="bbox 607 951 1210 1008">
     <span class='ocr_line' id='line_1_11' title="bbox 607 951 1210 1008; baseline 0.002 -14"><span class='ocrx_word' id='word_1_85' title='bbox 607 951 946 1008; x_wconf 75' lang='lat' dir='ltr'>EPISTULA</span> <span class='ocrx_word' id='word_1_86' title='bbox 973 951 1031 995; x_wconf 91' lang='lat'><strong>11.</strong></span> <span class='ocrx_word' id='word_1_87' title='bbox 1065 953 1210 1007; x_wconf 79' lang='lat'><strong>(102.)</strong></span> 
     </span>
    </p>
   </div>
   <div class='ocr_carea' id='block_1_4' title="bbox 563 1019 1261 1063">
    <p class='ocr_par' dir='ltr' id='par_1_5' title="bbox 563 1019 1261 1063">
     <span class='ocr_line' id='line_1_12' title="bbox 563 1019 1261 1063; baseline -0.003 -1"><span class='ocrx_word' id='word_1_88' title='bbox 563 1019 720 1062; x_wconf 75' lang='lat' dir='ltr'><strong>SENECA</strong></span> <span class='ocrx_word' id='word_1_89' title='bbox 756 1019 923 1063; x_wconf 72' lang='lat' dir='ltr'><strong>Lucumo</strong></span> <span class='ocrx_word' id='word_1_90' title='bbox 960 1035 1032 1063; x_wconf 79' lang='lat' dir='ltr'><strong>suo</strong></span> <span class='ocrx_word' id='word_1_91' title='bbox 1071 1035 1261 1063; x_wconf 74' lang='lat' dir='ltr'><strong>SALUTEM.</strong></span> 
     </span>
    </p>
   </div>
   <div class='ocr_carea' id='block_1_5' title="bbox 163 1097 1637 1832">
    <p class='ocr_par' dir='ltr' id='par_1_6' title="bbox 189 1097 1634 1561">
     <span class='ocr_line' id='line_1_13' title="bbox 305 1097 1627 1155; baseline -0.002 -14"><span class='ocrx_word' id='word_1_92' title='bbox 305 1099 512 1155; x_wconf 84' lang='lat' dir='ltr'>Quomodo</span> <span class='ocrx_word' id='word_1_93' title='bbox 535 1099 724 1140; x_wconf 87' lang='lat' dir='ltr'><strong>molestus</strong></span> <span class='ocrx_word' id='word_1_94' title='bbox 747 1107 808 1141; x_wconf 89' lang='lat' dir='ltr'><strong>est</strong></span> <span class='ocrx_word' id='word_1_95' title='bbox 824 1100 1031 1141; x_wconf 91' lang='lat' dir='ltr'><strong>iucundum</strong></span> <span class='ocrx_word' id='word_1_96' title='bbox 1050 1099 1243 1141; x_wconf 90' lang='lat' dir='ltr'><strong>somnium</strong></span> <span class='ocrx_word' id='word_1_97' title='bbox 1267 1098 1414 1140; x_wconf 90' lang='lat' dir='ltr'><strong>uidenti</strong></span> <span class='ocrx_word' id='word_1_98' title='bbox 1434 1098 1498 1153; x_wconf 91' lang='lat' dir='ltr'><strong>qui</strong></span> <span class='ocrx_word' id='word_1_99' title='bbox 1520 1097 1627 1139; x_wconf 78' lang='lat' dir='ltr'><strong>exci—</strong></span> 
     </span>
     <span class='ocr_line' id='line_1_14' title="bbox 189 1167 1629 1223; baseline -0.002 -14"><span class='ocrx_word' id='word_1_100' title='bbox 189 1176 248 1210; x_wconf 93' lang='lat' dir='ltr'><strong>tat</strong></span> <span class='ocrx_word' id='word_1_101' title='bbox 267 1170 413 1223; x_wconf 78' lang='lat' dir='ltr'><strong>(aufert</strong></span> <span class='ocrx_word' id='word_1_102' title='bbox 443 1167 546 1208; x_wconf 87' lang='lat' dir='ltr'><strong>enim</strong></span> <span class='ocrx_word' id='word_1_103' title='bbox 567 1168 828 1222; x_wconf 87' lang='lat' dir='ltr'><strong>uoluptatem,</strong></span> <span class='ocrx_word' id='word_1_104' title='bbox 875 1167 993 1208; x_wconf 89' lang='lat' dir='ltr'><strong>etiam</strong></span> <span class='ocrx_word' id='word_1_105' title='bbox 1014 1167 1047 1208; x_wconf 92' lang='lat' dir='ltr'><strong>si</strong></span> <span class='ocrx_word' id='word_1_106' title='bbox 1077 1167 1213 1208; x_wconf 81' lang='lat' dir='ltr'><strong>salsam</strong></span> <span class='ocrx_word' id='word_1_107' title='bbox 1230 1198 1241 1218; x_wconf 85' lang='lat'><strong>‚</strong></span> <span class='ocrx_word' id='word_1_108' title='bbox 1289 1167 1472 1207; x_wconf 84' lang='lat' dir='ltr'><strong>effectum</strong></span> <span class='ocrx_word' id='word_1_109' title='bbox 1499 1173 1629 1207; x_wconf 85' lang='lat' dir='ltr'><strong>tamen</strong></span> 
     </span>
     <span class='ocr_line' id='line_1_15' title="bbox 190 1233 1633 1289; baseline -0.001 -12"><span class='ocrx_word' id='word_1_110' title='bbox 190 1250 312 1278; x_wconf 86' lang='lat' dir='ltr'><strong>uerae</strong></span> <span class='ocrx_word' id='word_1_111' title='bbox 335 1236 589 1287; x_wconf 87' lang='lat' dir='ltr'><strong>habentem):</strong></span> <span class='ocrx_word' id='word_1_112' title='bbox 622 1235 679 1275; x_wconf 91' lang='lat' dir='ltr'><strong>sic</strong></span> <span class='ocrx_word' id='word_1_113' title='bbox 703 1235 869 1289; x_wconf 79' lang='lat' dir='ltr'><strong>epistula</strong></span> <span class='ocrx_word' id='word_1_114' title='bbox 893 1241 960 1274; x_wconf 90' lang='lat' dir='ltr'><strong>tua</strong></span> <span class='ocrx_word' id='word_1_115' title='bbox 983 1234 1077 1274; x_wconf 89' lang='lat' dir='ltr'><strong>mihi</strong></span> <span class='ocrx_word' id='word_1_116' title='bbox 1099 1234 1192 1275; x_wconf 88' lang='lat' dir='ltr'><strong>fecit</strong></span> <span class='ocrx_word' id='word_1_117' title='bbox 1208 1233 1406 1275; x_wconf 87' lang='lat' dir='ltr'><strong>iniuriam.</strong></span> <span class='ocrx_word' id='word_1_118' title='bbox 1466 1246 1633 1276; x_wconf 86' lang='lat' dir='ltr'><strong>reuoca-.</strong></span> 
     </span>
     <span class='ocr_line' id='line_1_16' title="bbox 190 1300 1631 1357; baseline -0.002 -13"><span class='ocrx_word' id='word_1_119' title='bbox 190 1304 250 1345; x_wconf 92' lang='lat' dir='ltr'><strong>uit</strong></span> <span class='ocrx_word' id='word_1_120' title='bbox 282 1303 385 1344; x_wconf 89' lang='lat' dir='ltr'><strong>enim</strong></span> <span class='ocrx_word' id='word_1_121' title='bbox 411 1315 473 1343; x_wconf 92' lang='lat' dir='ltr'><strong>me</strong></span> <span class='ocrx_word' id='word_1_122' title='bbox 505 1301 732 1357; x_wconf 81' lang='lat' dir='ltr'>cogitationi</span> <span class='ocrx_word' id='word_1_123' title='bbox 762 1309 873 1357; x_wconf 80' lang='lat' dir='ltr'><strong>aptae</strong></span> <span class='ocrx_word' id='word_1_124' title='bbox 904 1301 1085 1343; x_wconf 89' lang='lat' dir='ltr'><strong>traditum</strong></span> <span class='ocrx_word' id='word_1_125' title='bbox 1107 1308 1147 1342; x_wconf 89' lang='lat' dir='ltr'><strong>et</strong></span> <span class='ocrx_word' id='word_1_126' title='bbox 1167 1301 1311 1342; x_wconf 89' lang='lat' dir='ltr'><strong>iturum</strong></span> <span class='ocrx_word' id='word_1_127' title='bbox 1326 1332 1338 1352; x_wconf 88' lang='lat'>‚</span> <span class='ocrx_word' id='word_1_128' title='bbox 1387 1300 1421 1342; x_wconf 92' lang='lat' dir='ltr'><strong>si</strong></span> <span class='ocrx_word' id='word_1_129' title='bbox 1439 1300 1631 1350; x_wconf 85' lang='lat' dir='ltr'><strong>licuisset,-</strong></span> 
     </span>
     <span class='ocr_line' id='line_1_17' title="bbox 190 1367 1632 1423; baseline -0.003 -11"><span class='ocrx_word' id='word_1_130' title='bbox 190 1371 370 1412; x_wconf 88' lang='lat' dir='ltr'><strong>ulterius.</strong></span> <span class='ocrx_word' id='word_1_131' title='bbox 430 1368 598 1411; x_wconf 90' lang='lat' dir='ltr'><strong>quabat</strong></span> <span class='ocrx_word' id='word_1_132' title='bbox 620 1369 676 1411; x_wconf 85' lang='lat' dir='ltr'><strong>de</strong></span> <span class='ocrx_word' id='word_1_133' title='bbox 696 1371 959 1412; x_wconf 80' lang='lat' dir='ltr'><strong>aeternitate</strong></span> <span class='ocrx_word' id='word_1_134' title='bbox 979 1371 1221 1411; x_wconf 77' lang='lat' dir='ltr'><strong>animarum</strong></span> <span class='ocrx_word' id='word_1_135' title='bbox 1251 1381 1442 1423; x_wconf 81' lang='lat' dir='ltr'><strong>quaerere</strong></span> <span class='ocrx_word' id='word_1_136' title='bbox 1457 1399 1469 1419; x_wconf 88' lang='lat'>‚</span> <span class='ocrx_word' id='word_1_137' title='bbox 1513 1367 1632 1408; x_wconf 90' lang='lat' dir='ltr'><strong>immo</strong></span> 
     </span>
     <span class='ocr_line' id='line_1_18' title="bbox 191 1435 1633 1492; baseline -0.003 -12"><span class='ocrx_word' id='word_1_138' title='bbox 191 1439 436 1480; x_wconf 82' lang='lat' dir='ltr'><strong>mehercules</strong></span> <span class='ocrx_word' id='word_1_139' title='bbox 468 1438 657 1478; x_wconf 86' lang='lat' dir='ltr'><strong>credere:</strong></span> <span class='ocrx_word' id='word_1_140' title='bbox 703 1437 908 1479; x_wconf 87' lang='lat' dir='ltr'><strong>credebam</strong></span> <span class='ocrx_word' id='word_1_141' title='bbox 935 1437 1039 1479; x_wconf 90' lang='lat' dir='ltr'><strong>enim</strong></span> <span class='ocrx_word' id='word_1_142' title='bbox 1061 1451 1123 1478; x_wconf 91' lang='lat' dir='ltr'><strong>me</strong></span> <span class='ocrx_word' id='word_1_143' title='bbox 1149 1437 1262 1481; x_wconf 84' lang='lat' dir='ltr'><strong>facile</strong></span> <span class='ocrx_word' id='word_1_144' title='bbox 1284 1435 1532 1492; x_wconf 90' lang='lat' dir='ltr'><strong>opinionibus</strong></span> <span class='ocrx_word' id='word_1_145' title='bbox 1551 1448 1633 1476; x_wconf 88' lang='lat' dir='ltr'><strong>ma-</strong></span> 
     </span>
     <span class='ocr_line' id='line_1_19' title="bbox 192 1504 1634 1561; baseline -0.003 -13"><span class='ocrx_word' id='word_1_146' title='bbox 192 1521 358 1561; x_wconf 87' lang='lat' dir='ltr'><strong>gnorum</strong></span> <span class='ocrx_word' id='word_1_147' title='bbox 396 1506 572 1547; x_wconf 88' lang='lat' dir='ltr'><strong>uirorum</strong></span> <span class='ocrx_word' id='word_1_148' title='bbox 601 1518 685 1546; x_wconf 85' lang='lat' dir='ltr'><strong>rem</strong></span> <span class='ocrx_word' id='word_1_149' title='bbox 715 1505 977 1559; x_wconf 78' lang='lat' dir='ltr'><strong>gratissimam</strong></span> <span class='ocrx_word' id='word_1_150' title='bbox 1019 1504 1327 1560; x_wconf 88' lang='lat' dir='ltr'><strong>promittentium</strong></span> <span class='ocrx_word' id='word_1_151' title='bbox 1363 1504 1489 1558; x_wconf 88' lang='lat' dir='ltr'><strong>magis</strong></span> <span class='ocrx_word' id='word_1_152' title='bbox 1518 1516 1634 1557; x_wconf 85' lang='lat' dir='ltr'><strong>quam</strong></span> 
     </span>
    </p>

    <p class='ocr_par' dir='ltr' id='par_1_7' title="bbox 163 1569 1637 1832">
     <span class='ocr_line' id='line_1_20' title="bbox 163 1569 1632 1630; baseline -0.004 -14"><span class='ocrx_word' id='word_1_153' title='bbox 163 1582 180 1609; x_wconf 81' lang='lat'>2</span> <span class='ocrx_word' id='word_1_154' title='bbox 197 1574 459 1630; x_wconf 86' lang='lat' dir='ltr'><strong>probantium.</strong></span> <span class='ocrx_word' id='word_1_155' title='bbox 519 1571 672 1614; x_wconf 88' lang='lat' dir='ltr'><strong>Dabam</strong></span> <span class='ocrx_word' id='word_1_156' title='bbox 706 1586 769 1613; x_wconf 92' lang='lat' dir='ltr'><strong>me</strong></span> <span class='ocrx_word' id='word_1_157' title='bbox 792 1573 876 1627; x_wconf 89' lang='lat' dir='ltr'><strong>spei</strong></span> <span class='ocrx_word' id='word_1_158' title='bbox 899 1579 1054 1614; x_wconf 84' lang='lat' dir='ltr'><strong>tantae:</strong></span> <span class='ocrx_word' id='word_1_159' title='bbox 1098 1572 1174 1613; x_wconf 91' lang='lat' dir='ltr'><strong>iam</strong></span> <span class='ocrx_word' id='word_1_160' title='bbox 1200 1585 1309 1613; x_wconf 88' lang='lat' dir='ltr'><strong>eram</strong></span> <span class='ocrx_word' id='word_1_161' title='bbox 1341 1570 1497 1612; x_wconf 84' lang='lat' dir='ltr'><strong>fastidio</strong></span> <span class='ocrx_word' id='word_1_162' title='bbox 1523 1569 1632 1611; x_wconf 83' lang='lat' dir='ltr'><strong>mihi.</strong></span> 
     </span>
     <span class='ocr_line' id='line_1_21' title="bbox 195 1637 1635 1695; baseline -0.004 -12"><span class='ocrx_word' id='word_1_163' title='bbox 195 1642 273 1683; x_wconf 90' lang='lat' dir='ltr'><strong>iam</strong></span> <span class='ocrx_word' id='word_1_164' title='bbox 301 1640 485 1695; x_wconf 87' lang='lat' dir='ltr'><strong>reliquias</strong></span> <span class='ocrx_word' id='word_1_165' title='bbox 517 1639 658 1680; x_wconf 85' lang='lat' dir='ltr'><strong>aetatis</strong></span> <span class='ocrx_word' id='word_1_166' title='bbox 693 1639 883 1680; x_wconf 83' lang='lat' dir='ltr'><strong>infractae</strong></span> <span class='ocrx_word' id='word_1_167' title='bbox 911 1639 1208 1680; x_wconf 85' lang='lat' dir='ltr'><strong>contemnebam</strong></span> <span class='ocrx_word' id='word_1_168' title='bbox 1232 1639 1274 1679; x_wconf 91' lang='lat' dir='ltr'><strong>in</strong></span> <span class='ocrx_word' id='word_1_169' title='bbox 1297 1638 1516 1679; x_wconf 88' lang='lat' dir='ltr'><strong>inmensum</strong></span> <span class='ocrx_word' id='word_1_170' title='bbox 1542 1637 1635 1677; x_wconf 89' lang='lat' dir='ltr'><strong>illud</strong></span> 
     </span>
     <span class='ocr_line' id='line_1_22' title="bbox 195 1703 1635 1764; baseline -0.004 -14"><span class='ocrx_word' id='word_1_171' title='bbox 195 1717 347 1764; x_wconf 86' lang='lat' dir='ltr'><strong>tempus</strong></span> <span class='ocrx_word' id='word_1_172' title='bbox 369 1708 469 1749; x_wconf 88' lang='lat' dir='ltr'><strong>etin</strong></span> <span class='ocrx_word' id='word_1_173' title='bbox 492 1707 783 1762; x_wconf 90' lang='lat' dir='ltr'><strong>possessionem</strong></span> <span class='ocrx_word' id='word_1_174' title='bbox 814 1707 940 1748; x_wconf 91' lang='lat' dir='ltr'><strong>omnis</strong></span> <span class='ocrx_word' id='word_1_175' title='bbox 965 1704 1053 1748; x_wconf 86' lang='lat' dir='ltr'><strong>aeui</strong></span> <span class='ocrx_word' id='word_1_176' title='bbox 1087 1706 1348 1753; x_wconf 75' lang='lat' dir='ltr'><strong>transituruse</strong></span> <span class='ocrx_word' id='word_1_177' title='bbox 1394 1719 1482 1746; x_wconf 91' lang='lat' dir='ltr'><strong>cum</strong></span> <span class='ocrx_word' id='word_1_178' title='bbox 1507 1703 1635 1745; x_wconf 91' lang='lat' dir='ltr'><strong>subito</strong></span> 
     </span>
     <span class='ocr_line' id='line_1_23' title="bbox 199 1772 1637 1832; baseline -0.005 -14"><span class='ocrx_word' id='word_1_179' title='bbox 199 1782 455 1832; x_wconf 85' lang='lat' dir='ltr'><strong>experrectus</strong></span> <span class='ocrx_word' id='word_1_180' title='bbox 475 1789 561 1816; x_wconf 90' lang='lat' dir='ltr'><strong>sum</strong></span> <span class='ocrx_word' id='word_1_181' title='bbox 580 1774 745 1830; x_wconf 87' lang='lat' dir='ltr'><strong>epistula</strong></span> <span class='ocrx_word' id='word_1_182' title='bbox 763 1781 830 1815; x_wconf 88' lang='lat' dir='ltr'><strong>tua</strong></span> <span class='ocrx_word' id='word_1_183' title='bbox 848 1781 1008 1830; x_wconf 88' lang='lat' dir='ltr'><strong>accepta</strong></span> <span class='ocrx_word' id='word_1_184' title='bbox 1028 1781 1067 1815; x_wconf 89' lang='lat' dir='ltr'><strong>et</strong></span> <span class='ocrx_word' id='word_1_185' title='bbox 1087 1780 1164 1815; x_wconf 84' lang='lat' dir='ltr'><strong>tam</strong></span> <span class='ocrx_word' id='word_1_186' title='bbox 1179 1773 1323 1815; x_wconf 89' lang='lat' dir='ltr'><strong>bellum</strong></span> <span class='ocrx_word' id='word_1_187' title='bbox 1340 1772 1532 1814; x_wconf 91' lang='lat' dir='ltr'><strong>somnium</strong></span> <span class='ocrx_word' id='word_1_188' title='bbox 1549 1785 1637 1827; x_wconf 82' lang='lat' dir='ltr'><strong>per·</strong></span> 
     </span>
    </p>
   </div>
   <div class='ocr_carea' id='block_1_6' title="bbox 199 1852 1643 2214">
    <p class='ocr_par' dir='ltr' id='par_1_8' title="bbox 199 1852 1643 2077">
     <span class='ocr_line' id='line_1_24' title="bbox 200 1852 1641 1899; baseline -0.004 -11"><span class='ocrx_word' id='word_1_189' title='bbox 200 1855 260 1889; x_wconf 83' lang='lat' dir='ltr'><strong>ber</strong></span> <span class='ocrx_word' id='word_1_190' title='bbox 273 1868 292 1888; x_wconf 88' lang='lat' dir='ltr'><strong>e</strong></span> <span class='ocrx_word' id='word_1_191' title='bbox 317 1855 440 1888; x_wconf 75' lang='lat' dir='ltr'><strong>elisus.</strong></span> <span class='ocrx_word' id='word_1_192' title='bbox 489 1854 550 1886; x_wconf 87' lang='lat' dir='ltr'><strong>BG</strong></span> <span class='ocrx_word' id='word_1_193' title='bbox 561 1868 607 1881; x_wconf 90' lang='lat'>=</span> <span class='ocrx_word' id='word_1_194' title='bbox 627 1861 788 1898; x_wconf 84' lang='lat' dir='ltr'><strong>accept</strong></span> <span class='ocrx_word' id='word_1_195' title='bbox 800 1854 900 1886; x_wconf 82' lang='lat' dir='ltr'><strong>oris</strong></span> <span class='ocrx_word' id='word_1_196' title='bbox 937 1852 1077 1899; x_wconf 84' lang='lat' dir='ltr'><strong>sectum</strong></span> <span class='ocrx_word' id='word_1_197' title='bbox 1098 1861 1227 1885; x_wconf 86' lang='lat' dir='ltr'><strong>tamen.</strong></span> <span class='ocrx_word' id='word_1_198' title='bbox 1274 1853 1310 1887; x_wconf 65' lang='lat' dir='ltr'><strong>§R</strong></span> <span class='ocrx_word' id='word_1_199' title='bbox 1331 1870 1374 1875; x_wconf 90' lang='lat'>—</span> <span class='ocrx_word' id='word_1_200' title='bbox 1395 1852 1459 1888; x_wconf 65' lang='lat' dir='ltr'><strong>OEl.</strong></span> <span class='ocrx_word' id='word_1_201' title='bbox 1479 1865 1524 1879; x_wconf 89' lang='lat'><strong><em>=</em></strong></span> <span class='ocrx_word' id='word_1_202' title='bbox 1547 1862 1610 1883; x_wconf 77' lang='lat' dir='ltr'><strong>ver</strong></span> <span class='ocrx_word' id='word_1_203' title='bbox 1623 1862 1641 1881; x_wconf 83' lang='lat' dir='ltr'><strong>e</strong></span> 
     </span>
     <span class='ocr_line' id='line_1_25' title="bbox 199 1894 1641 1938; baseline -0.005 -4"><span class='ocrx_word' id='word_1_204' title='bbox 199 1900 311 1934; x_wconf 82' lang='lat' dir='ltr'><strong>tuber.</strong></span> <span class='ocrx_word' id='word_1_205' title='bbox 356 1900 384 1934; x_wconf 68' lang='grc' dir='ltr'><strong>’ὶί</strong></span> <span class='ocrx_word' id='word_1_206' title='bbox 401 1904 436 1938; x_wconf 64' lang='grc' dir='ltr'><strong>-ξ-</strong></span> <span class='ocrx_word' id='word_1_207' title='bbox 454 1899 602 1931; x_wconf 80' lang='lat' dir='ltr'><strong>trahere</strong></span> <span class='ocrx_word' id='word_1_208' title='bbox 624 1899 783 1932; x_wconf 87' lang='lat' dir='ltr'><strong>animam</strong></span> <span class='ocrx_word' id='word_1_209' title='bbox 805 1899 899 1931; x_wconf 77' lang='lat' dir='ltr'><strong>vel·</strong></span> <span class='ocrx_word' id='word_1_210' title='bbox 946 1898 1141 1931; x_wconf 82' lang='lat' dir='ltr'><strong>habentem.</strong></span> <span class='ocrx_word' id='word_1_211' title='bbox 1190 1898 1369 1934; x_wconf 58' lang='lat' dir='ltr'><strong>QZSJJR=</strong></span> <span class='ocrx_word' id='word_1_212' title='bbox 1388 1896 1475 1929; x_wconf 74' lang='lat' dir='ltr'><strong>veri</strong></span> <span class='ocrx_word' id='word_1_213' title='bbox 1501 1894 1641 1928; x_wconf 85' lang='lat' dir='ltr'><strong>haben-</strong></span> 
     </span>
     <span class='ocr_line' id='line_1_26' title="bbox 201 1940 1640 1979; baseline -0.005 -1"><span class='ocrx_word' id='word_1_214' title='bbox 201 1947 253 1979; x_wconf 86' lang='lat' dir='ltr'><strong>le.</strong></span> <span class='ocrx_word' id='word_1_215' title='bbox 287 1944 348 1979; x_wconf 82' lang='lat' dir='ltr'><strong>Pl.</strong></span> <span class='ocrx_word' id='word_1_216' title='bbox 360 1960 406 1973; x_wconf 88' lang='lat'>=</span> <span class='ocrx_word' id='word_1_217' title='bbox 417 1953 594 1976; x_wconf 82' lang='lat' dir='ltr'><strong>tormenta</strong></span> <span class='ocrx_word' id='word_1_218' title='bbox 614 1944 629 1976; x_wconf 92' lang='lat' dir='ltr'><strong>i</strong></span> <span class='ocrx_word' id='word_1_219' title='bbox 640 1956 663 1977; x_wconf 90' lang='lat' dir='ltr'><strong>a</strong></span> <span class='ocrx_word' id='word_1_220' title='bbox 674 1952 812 1976; x_wconf 85' lang='lat' dir='ltr'><strong>cturam</strong></span> <span class='ocrx_word' id='word_1_221' title='bbox 833 1955 898 1976; x_wconf 88' lang='lat' dir='ltr'><strong>om.</strong></span> <span class='ocrx_word' id='word_1_222' title='bbox 948 1952 1027 1976; x_wconf 84' lang='lat' dir='ltr'><strong>tem.</strong></span> <span class='ocrx_word' id='word_1_223' title='bbox 1088 1942 1159 1975; x_wconf 90' lang='lat' dir='ltr'><strong>Col.</strong></span> <span class='ocrx_word' id='word_1_224' title='bbox 1192 1957 1238 1970; x_wconf 90' lang='lat'>=</span> <span class='ocrx_word' id='word_1_225' title='bbox 1260 1954 1323 1974; x_wconf 77' lang='lat' dir='ltr'><strong>ver</strong></span> <span class='ocrx_word' id='word_1_226' title='bbox 1334 1954 1356 1974; x_wconf 92' lang='lat' dir='ltr'><strong>u</strong></span> <span class='ocrx_word' id='word_1_227' title='bbox 1368 1954 1402 1974; x_wconf 88' lang='lat' dir='ltr'><strong>m</strong></span> <span class='ocrx_word' id='word_1_228' title='bbox 1444 1940 1640 1975; x_wconf 72' lang='lat' dir='ltr'><strong>habentem.</strong></span> 
     </span>
     <span class='ocr_line' id='line_1_27' title="bbox 201 1987 1640 2038; baseline -0.003 -15"><span class='ocrx_word' id='word_1_229' title='bbox 201 1999 262 2024; x_wconf 80' lang='lat' dir='ltr'><strong>tot.</strong></span> <span class='ocrx_word' id='word_1_230' title='bbox 309 1990 419 2024; x_wconf 82' lang='lat' dir='ltr'><strong>Etiam</strong></span> <span class='ocrx_word' id='word_1_231' title='bbox 438 1988 496 2022; x_wconf 80' lang='lat' dir='ltr'><strong>P4.</strong></span> <span class='ocrx_word' id='word_1_232' title='bbox 510 2007 555 2014; x_wconf 92' lang='lat'>—</span> <span class='ocrx_word' id='word_1_233' title='bbox 568 1997 631 2022; x_wconf 80' lang='lat' dir='ltr'><strong>tot.</strong></span> <span class='ocrx_word' id='word_1_234' title='bbox 679 1987 738 2022; x_wconf 83' lang='lat' dir='ltr'><strong>P3.</strong></span> <span class='ocrx_word' id='word_1_235' title='bbox 752 2005 798 2017; x_wconf 91' lang='lat'><strong><em>=</em></strong></span> <span class='ocrx_word' id='word_1_236' title='bbox 819 1997 899 2022; x_wconf 78' lang='lat' dir='ltr'><strong>tra·</strong></span> <span class='ocrx_word' id='word_1_237' title='bbox 945 1988 1039 2032; x_wconf 90' lang='lat' dir='ltr'><strong>Lips.</strong></span> <span class='ocrx_word' id='word_1_238' title='bbox 1061 1987 1099 2020; x_wconf 86' lang='lat' dir='ltr'><strong>ci.</strong></span> <span class='ocrx_word' id='word_1_239' title='bbox 1114 1987 1383 2038; x_wconf 60' lang='lat' dir='ltr'><strong>=&gt;cogitationi</strong></span> <span class='ocrx_word' id='word_1_240' title='bbox 1392 2031 1395 2032; x_wconf 12' lang='grc' dir='ltr'><em>γ</em></span> <span class='ocrx_word' id='word_1_241' title='bbox 1406 1998 1430 2019; x_wconf 85' lang='lat' dir='ltr'><strong>a</strong></span> <span class='ocrx_word' id='word_1_242' title='bbox 1441 1987 1509 2019; x_wconf 79' lang='lat' dir='ltr'><strong>lta</strong></span> <span class='ocrx_word' id='word_1_243' title='bbox 1520 1999 1539 2019; x_wconf 83' lang='lat' dir='ltr'><strong>e</strong></span> <span class='ocrx_word' id='word_1_244' title='bbox 1561 1994 1640 2019; x_wconf 83' lang='lat' dir='ltr'><strong>tra-—</strong></span> 
     </span>
     <span class='ocr_line' id='line_1_28' title="bbox 200 2031 1643 2077; baseline -0.003 -9"><span class='ocrx_word' id='word_1_245' title='bbox 200 2045 416 2069; x_wconf 84' lang='lat' dir='ltr'><strong>ctaturam.</strong></span> <span class='ocrx_word' id='word_1_246' title='bbox 947 2034 1071 2066; x_wconf 78' lang='lat' dir='ltr'><strong>ditum.</strong></span> <span class='ocrx_word' id='word_1_247' title='bbox 1119 2031 1309 2077; x_wconf 55' lang='lat' dir='ltr'><strong>R(s&lt;x›)P1.</strong></span> <span class='ocrx_word' id='word_1_248' title='bbox 1332 2032 1368 2066; x_wconf 62' lang='lat' dir='ltr'><strong>§R</strong></span> <span class='ocrx_word' id='word_1_249' title='bbox 1388 2048 1435 2055; x_wconf 92' lang='lat'><strong>—·</strong></span> <span class='ocrx_word' id='word_1_250' title='bbox 1456 2033 1521 2069; x_wconf 73' lang='grc' dir='ltr'><strong>(ξῙ,</strong></span> <span class='ocrx_word' id='word_1_251' title='bbox 1542 2046 1589 2060; x_wconf 85' lang='lat'><strong><em>=</em></strong></span> <span class='ocrx_word' id='word_1_252' title='bbox 1608 2038 1643 2063; x_wconf 75' lang='lat' dir='ltr'><strong>et</strong></span> 
     </span>
    </p>

    <p class='ocr_par' dir='ltr' id='par_1_9' title="bbox 201 2075 1641 2214">
     <span class='ocr_line' id='line_1_29' title="bbox 248 2075 1641 2125; baseline -0.005 -11"><span class='ocrx_word' id='word_1_253' title='bbox 248 2081 300 2114; x_wconf 88' lang='lat'><strong>15.</strong></span> <span class='ocrx_word' id='word_1_254' title='bbox 337 2082 365 2113; x_wconf 83' lang='lat' dir='ltr'>R</span> <span class='ocrx_word' id='word_1_255' title='bbox 375 2081 411 2115; x_wconf 68' lang='lat' dir='ltr'><strong>{R</strong></span> <span class='ocrx_word' id='word_1_256' title='bbox 434 2099 476 2103; x_wconf 96' lang='lat'><strong>—</strong></span> <span class='ocrx_word' id='word_1_257' title='bbox 498 2080 532 2114; x_wconf 62' lang='lat'><strong>§8</strong></span> <span class='ocrx_word' id='word_1_258' title='bbox 554 2094 600 2108; x_wconf 89' lang='lat'><strong><em>=</em></strong></span> <span class='ocrx_word' id='word_1_259' title='bbox 624 2079 764 2125; x_wconf 82' lang='lat' dir='ltr'><strong>Negat</strong></span> <span class='ocrx_word' id='word_1_260' title='bbox 797 2091 900 2113; x_wconf 79' lang='lat' dir='ltr'><strong>nunc,</strong></span> <span class='ocrx_word' id='word_1_261' title='bbox 948 2080 978 2112; x_wconf 75' lang='lat' dir='ltr'><strong>it</strong></span> <span class='ocrx_word' id='word_1_262' title='bbox 989 2090 1094 2111; x_wconf 85' lang='lat' dir='ltr'><strong>erum</strong></span> <span class='ocrx_word' id='word_1_263' title='bbox 1105 2103 1115 2121; x_wconf 95' lang='lat'>,</span> <span class='ocrx_word' id='word_1_264' title='bbox 1140 2080 1174 2110; x_wconf 74' lang='lat' dir='ltr'><strong>si</strong></span> <span class='ocrx_word' id='word_1_265' title='bbox 1206 2078 1377 2110; x_wconf 73' lang='lat' dir='ltr'><strong>licuisset.</strong></span> <span class='ocrx_word' id='word_1_266' title='bbox 1423 2075 1515 2109; x_wconf 88' lang='lat' dir='ltr'><strong>Pinc.</strong></span> <span class='ocrx_word' id='word_1_267' title='bbox 1537 2076 1575 2108; x_wconf 87' lang='lat' dir='ltr'><strong>ci.</strong></span> <span class='ocrx_word' id='word_1_268' title='bbox 1596 2090 1641 2103; x_wconf 91' lang='lat'><strong>=</strong></span> 
     </span>
     <span class='ocr_line' id='line_1_30' title="bbox 201 2121 1639 2170; baseline -0.005 -11"><span class='ocrx_word' id='word_1_269' title='bbox 201 2127 265 2162; x_wconf 68' lang='grc' dir='ltr'><strong>Ἰίθί</strong></span> <span class='ocrx_word' id='word_1_270' title='bbox 278 2127 366 2161; x_wconf 66' lang='grc' dir='ltr'><strong>-ὲὸ</strong></span> <span class='ocrx_word' id='word_1_271' title='bbox 378 2140 424 2153; x_wconf 86' lang='lat'>=</span> <span class='ocrx_word' id='word_1_272' title='bbox 439 2125 534 2158; x_wconf 77' lang='lat' dir='ltr'><strong>Mulc</strong></span> <span class='ocrx_word' id='word_1_273' title='bbox 544 2137 566 2157; x_wconf 86' lang='lat' dir='ltr'><strong>a</strong></span> <span class='ocrx_word' id='word_1_274' title='bbox 589 2126 724 2170; x_wconf 84' lang='lat' dir='ltr'><strong>peiora.</strong></span> <span class='ocrx_word' id='word_1_275' title='bbox 761 2125 796 2159; x_wconf 69' lang='lat' dir='ltr'><strong>{R</strong></span> <span class='ocrx_word' id='word_1_276' title='bbox 809 2144 852 2148; x_wconf 97' lang='lat'><strong>—</strong></span> <span class='ocrx_word' id='word_1_277' title='bbox 865 2125 898 2158; x_wconf 53' lang='lat'><strong>23</strong></span> <span class='ocrx_word' id='word_1_278' title='bbox 946 2125 1019 2157; x_wconf 87' lang='lat' dir='ltr'><strong>itur</strong></span> <span class='ocrx_word' id='word_1_279' title='bbox 1029 2135 1053 2156; x_wconf 89' lang='grc' dir='ltr'><em>α</em></span> <span class='ocrx_word' id='word_1_280' title='bbox 1064 2135 1094 2156; x_wconf 91' lang='lat' dir='ltr'><strong>e.</strong></span> <span class='ocrx_word' id='word_1_281' title='bbox 1145 2123 1175 2154; x_wconf 92' lang='lat' dir='ltr'>G</span> <span class='ocrx_word' id='word_1_282' title='bbox 1187 2122 1273 2166; x_wconf 65' lang='lat' dir='ltr'><strong>(sco)</strong></span> <span class='ocrx_word' id='word_1_283' title='bbox 1286 2123 1338 2163; x_wconf 60' lang='lat' dir='ltr'><strong>zu</strong></span> <span class='ocrx_word' id='word_1_284' title='bbox 1348 2136 1394 2149; x_wconf 95' lang='lat'>=</span> <span class='ocrx_word' id='word_1_285' title='bbox 1406 2121 1512 2153; x_wconf 82' lang='lat' dir='ltr'><strong>iuvab</strong></span> <span class='ocrx_word' id='word_1_286' title='bbox 1522 2122 1536 2152; x_wconf 92' lang='lat' dir='ltr'><strong>i</strong></span> <span class='ocrx_word' id='word_1_287' title='bbox 1546 2129 1571 2153; x_wconf 83' lang='lat' dir='ltr'><strong>t.</strong></span> <span class='ocrx_word' id='word_1_288' title='bbox 1612 2121 1639 2151; x_wconf 80' lang='lat' dir='ltr'><strong>R</strong></span> 
     </span>
     <span class='ocr_line' id='line_1_31' title="bbox 201 2167 899 2214; baseline -0.001 -11"><span class='ocrx_word' id='word_1_289' title='bbox 201 2186 246 2200; x_wconf 83' lang='lat'><strong>==</strong></span> <span class='ocrx_word' id='word_1_290' title='bbox 259 2172 409 2203; x_wconf 86' lang='lat' dir='ltr'><strong>amicum</strong></span> <span class='ocrx_word' id='word_1_291' title='bbox 424 2182 451 2214; x_wconf 83' lang='lat' dir='ltr'><strong>p</strong></span> <span class='ocrx_word' id='word_1_292' title='bbox 464 2183 482 2201; x_wconf 87' lang='lat' dir='ltr'><strong>e</strong></span> <span class='ocrx_word' id='word_1_293' title='bbox 492 2170 615 2202; x_wconf 85' lang='lat' dir='ltr'><strong>rdere.</strong></span> <span class='ocrx_word' id='word_1_294' title='bbox 648 2170 676 2201; x_wconf 90' lang='lat' dir='ltr'><strong>R</strong></span> <span class='ocrx_word' id='word_1_295' title='bbox 692 2169 768 2213; x_wconf 74' lang='lat' dir='ltr'><strong>(lit.)</strong></span> <span class='ocrx_word' id='word_1_296' title='bbox 784 2167 842 2203; x_wconf 81' lang='lat' dir='ltr'><strong>P3.</strong></span> <span class='ocrx_word' id='word_1_297' title='bbox 855 2184 899 2197; x_wconf 92' lang='lat'><strong><em>=</em></strong></span> 
     </span>
    </p>
   </div>
   <div class='ocr_carea' id='block_1_7' title="bbox 202 2166 1640 2257">
    <p class='ocr_par' dir='ltr' id='par_1_10' title="bbox 202 2166 1640 2257">
     <span class='ocr_line' id='line_1_32' title="bbox 947 2166 1640 2213; baseline -0.001 -13"><span class='ocrx_word' id='word_1_298' title='bbox 947 2168 1040 2213; x_wconf 77' lang='lat' dir='ltr'><strong>(del.)</strong></span> <span class='ocrx_word' id='word_1_299' title='bbox 1058 2172 1093 2206; x_wconf 80' lang='grc'><strong>-1-</strong></span> <span class='ocrx_word' id='word_1_300' title='bbox 1115 2167 1262 2200; x_wconf 71' lang='lat' dir='ltr'><strong>Iuvabat</strong></span> <span class='ocrx_word' id='word_1_301' title='bbox 1285 2178 1357 2199; x_wconf 81' lang='lat' dir='ltr'><strong>me.</strong></span> <span class='ocrx_word' id='word_1_302' title='bbox 1392 2166 1457 2200; x_wconf 64' lang='lat' dir='ltr'><strong>xm</strong></span> <span class='ocrx_word' id='word_1_303' title='bbox 1469 2166 1640 2200; x_wconf 60' lang='lat' dir='ltr'><strong>—fflia=</strong></span> 
     </span>
     <span class='ocr_line' id='line_1_33' title="bbox 202 2214 900 2257; baseline -0.004 -9"><span class='ocrx_word' id='word_1_304' title='bbox 202 2227 310 2249; x_wconf 83' lang='lat' dir='ltr'><strong>manu</strong></span> <span class='ocrx_word' id='word_1_305' title='bbox 333 2227 399 2247; x_wconf 84' lang='lat' dir='ltr'><strong>sua</strong></span> <span class='ocrx_word' id='word_1_306' title='bbox 427 2215 602 2247; x_wconf 81' lang='lat' dir='ltr'><strong>trudere.</strong></span> <span class='ocrx_word' id='word_1_307' title='bbox 652 2214 731 2257; x_wconf 91' lang='lat' dir='ltr'><strong>Gpp</strong></span> <span class='ocrx_word' id='word_1_308' title='bbox 755 2214 812 2246; x_wconf 88' lang='lat' dir='ltr'><strong>Gr.</strong></span> <span class='ocrx_word' id='word_1_309' title='bbox 835 2214 900 2248; x_wconf 66' lang='lat' dir='ltr'><strong>Zsffi</strong></span> 
     </span>
    </p>
   </div>
   <div class='ocr_carea' id='block_1_8' title="bbox 945 2212 1161 2246">
    <p class='ocr_par' dir='ltr' id='par_1_11' title="bbox 945 2212 1161 2246">
     <span class='ocr_line' id='line_1_34' title="bbox 945 2212 1161 2246; baseline -0.009 0"><span class='ocrx_word' id='word_1_310' title='bbox 945 2212 1124 2246; x_wconf 81' lang='lat' dir='ltr'><strong>mehercul</strong></span> <span class='ocrx_word' id='word_1_311' title='bbox 1132 2225 1161 2244; x_wconf 86' lang='lat' dir='ltr'><strong>e.</strong></span> 
     </span>
    </p>
   </div>
   <div class='ocr_carea' id='block_1_9' title="bbox 201 2259 900 2746">
    <p class='ocr_par' dir='ltr' id='par_1_12' title="bbox 201 2259 900 2438">
     <span class='ocr_line' id='line_1_35' title="bbox 201 2259 900 2297; baseline -0.007 -3"><span class='ocrx_word' id='word_1_312' title='bbox 201 2278 248 2286; x_wconf 89' lang='lat'><strong>·—-</strong></span> <span class='ocrx_word' id='word_1_313' title='bbox 258 2261 321 2297; x_wconf 58' lang='lat' dir='ltr'><strong>&amp;l-</strong></span> <span class='ocrx_word' id='word_1_314' title='bbox 333 2275 379 2288; x_wconf 62' lang='grc' dir='ltr'>Ξ</span> <span class='ocrx_word' id='word_1_315' title='bbox 390 2267 441 2291; x_wconf 84' lang='lat' dir='ltr'><strong>tot</strong></span> <span class='ocrx_word' id='word_1_316' title='bbox 461 2271 565 2292; x_wconf 81' lang='lat' dir='ltr'><strong>conse</strong></span> <span class='ocrx_word' id='word_1_317' title='bbox 574 2260 590 2291; x_wconf 87' lang='lat' dir='ltr'><em>i</em></span> <span class='ocrx_word' id='word_1_318' title='bbox 599 2271 621 2291; x_wconf 88' lang='lat' dir='ltr'><strong>a</strong></span> <span class='ocrx_word' id='word_1_319' title='bbox 646 2259 816 2291; x_wconf 82' lang='lat' dir='ltr'><strong>scelerum</strong></span> <span class='ocrx_word' id='word_1_320' title='bbox 836 2270 900 2290; x_wconf 81' lang='lat' dir='ltr'><strong>ex-</strong></span> 
     </span>
     <span class='ocr_line' id='line_1_36' title="bbox 204 2303 899 2348; baseline -0.003 -10"><span class='ocrx_word' id='word_1_321' title='bbox 204 2305 382 2338; x_wconf 81' lang='lat' dir='ltr'><strong>cutienda.</strong></span> <span class='ocrx_word' id='word_1_322' title='bbox 429 2305 455 2334; x_wconf 89' lang='lat' dir='ltr'>B</span> <span class='ocrx_word' id='word_1_323' title='bbox 467 2318 512 2331; x_wconf 63' lang='grc' dir='ltr'><strong>ετ</strong></span> <span class='ocrx_word' id='word_1_324' title='bbox 524 2317 543 2336; x_wconf 87' lang='lat' dir='ltr'><strong>c</strong></span> <span class='ocrx_word' id='word_1_325' title='bbox 554 2316 576 2335; x_wconf 87' lang='lat' dir='ltr'><strong>u</strong></span> <span class='ocrx_word' id='word_1_326' title='bbox 588 2304 603 2335; x_wconf 89' lang='lat' dir='ltr'><em>i</em></span> <span class='ocrx_word' id='word_1_327' title='bbox 611 2303 698 2348; x_wconf 86' lang='lat' dir='ltr'><strong>pido</strong></span> <span class='ocrx_word' id='word_1_328' title='bbox 724 2311 789 2335; x_wconf 79' lang='lat' dir='ltr'><strong>est.</strong></span> <span class='ocrx_word' id='word_1_329' title='bbox 826 2314 843 2336; x_wconf 90' lang='lat'><em>0</em></span> <span class='ocrx_word' id='word_1_330' title='bbox 855 2317 899 2329; x_wconf 85' lang='lat'>=</span> 
     </span>
     <span class='ocr_line' id='line_1_37' title="bbox 205 2348 900 2394; baseline -0.006 -12"><span class='ocrx_word' id='word_1_331' title='bbox 205 2351 303 2383; x_wconf 77' lang='lat' dir='ltr'><strong>vitae</strong></span> <span class='ocrx_word' id='word_1_332' title='bbox 335 2349 594 2394; x_wconf 77' lang='lat' dir='ltr'><strong>turpitudo</strong></span> <span class='ocrx_word' id='word_1_333' title='bbox 624 2355 689 2380; x_wconf 82' lang='lat' dir='ltr'><strong>est.</strong></span> <span class='ocrx_word' id='word_1_334' title='bbox 738 2348 900 2382; x_wconf 57' lang='lat' dir='ltr'>BG&amp;—</span> 
     </span>
     <span class='ocr_line' id='line_1_38' title="bbox 205 2393 618 2438; baseline -0.012 -9"><span class='ocrx_word' id='word_1_335' title='bbox 205 2398 251 2432; x_wconf 58' lang='lat'><strong>(31</strong></span> <span class='ocrx_word' id='word_1_336' title='bbox 259 2418 268 2429; x_wconf 60' lang='lat'><em>0</em></span> <span class='ocrx_word' id='word_1_337' title='bbox 279 2410 324 2422; x_wconf 91' lang='lat'><strong><em>=</em></strong></span> <span class='ocrx_word' id='word_1_338' title='bbox 337 2395 376 2427; x_wconf 87' lang='lat' dir='ltr'><strong>cli</strong></span> <span class='ocrx_word' id='word_1_339' title='bbox 385 2406 403 2425; x_wconf 91' lang='lat' dir='ltr'><strong>c</strong></span> <span class='ocrx_word' id='word_1_340' title='bbox 414 2393 618 2438; x_wconf 86' lang='lat' dir='ltr'><strong>endumque.</strong></span> 
     </span>
    </p>

    <p class='ocr_par' dir='ltr' id='par_1_13' title="bbox 204 2437 900 2746">
     <span class='ocr_line' id='line_1_39' title="bbox 250 2437 898 2478; baseline -0.002 -6"><span class='ocrx_word' id='word_1_341' title='bbox 250 2439 337 2478; x_wconf 75' lang='lat' dir='ltr'><strong>refe</strong></span> <span class='ocrx_word' id='word_1_342' title='bbox 348 2451 366 2471; x_wconf 89' lang='lat' dir='ltr'><strong>r</strong></span> <span class='ocrx_word' id='word_1_343' title='bbox 378 2447 392 2471; x_wconf 91' lang='lat' dir='ltr'><strong>t</strong></span> <span class='ocrx_word' id='word_1_344' title='bbox 404 2453 450 2466; x_wconf 89' lang='lat'>=</span> <span class='ocrx_word' id='word_1_345' title='bbox 460 2449 537 2470; x_wconf 83' lang='lat' dir='ltr'><strong>mss.</strong></span> <span class='ocrx_word' id='word_1_346' title='bbox 563 2437 664 2469; x_wconf 87' lang='lat' dir='ltr'><strong>etiarn</strong></span> <span class='ocrx_word' id='word_1_347' title='bbox 687 2437 744 2469; x_wconf 87' lang='lat' dir='ltr'><strong>Gr.</strong></span> <span class='ocrx_word' id='word_1_348' title='bbox 769 2437 835 2472; x_wconf 66' lang='grc' dir='ltr'><strong>’ὶίξῆ</strong></span> <span class='ocrx_word' id='word_1_349' title='bbox 856 2456 898 2461; x_wconf 84' lang='grc'>-</span> 
     </span>
     <span class='ocr_line' id='line_1_40' title="bbox 205 2480 899 2526; baseline -0.01 -6"><span class='ocrx_word' id='word_1_350' title='bbox 205 2485 328 2523; x_wconf 45' lang='grc' dir='ltr'><strong>(ἐμῧ.</strong></span> <span class='ocrx_word' id='word_1_351' title='bbox 399 2484 465 2520; x_wconf 57' lang='grc' dir='ltr'><strong>ΘΖ</strong></span> <span class='ocrx_word' id='word_1_352' title='bbox 492 2502 535 2507; x_wconf 92' lang='lat'><strong>—-</strong></span> <span class='ocrx_word' id='word_1_353' title='bbox 555 2483 620 2517; x_wconf 56' lang='lat' dir='ltr'><strong>mla</strong></span> <span class='ocrx_word' id='word_1_354' title='bbox 642 2498 687 2510; x_wconf 88' lang='lat'><strong><em>=</em></strong></span> <span class='ocrx_word' id='word_1_355' title='bbox 711 2480 899 2526; x_wconf 84' lang='lat' dir='ltr'><strong>referre.</strong></span> 
     </span>
     <span class='ocr_line' id='line_1_41' title="bbox 204 2526 899 2572; baseline -0.004 -10"><span class='ocrx_word' id='word_1_356' title='bbox 204 2530 292 2562; x_wconf 83' lang='lat' dir='ltr'><strong>BGR</strong></span> <span class='ocrx_word' id='word_1_357' title='bbox 304 2530 360 2561; x_wconf 88' lang='lat' dir='ltr'><strong>Gr.</strong></span> <span class='ocrx_word' id='word_1_358' title='bbox 375 2527 459 2572; x_wconf 61' lang='lat' dir='ltr'><strong>(exc.</strong></span> <span class='ocrx_word' id='word_1_359' title='bbox 470 2526 546 2571; x_wconf 79' lang='lat' dir='ltr'><strong>P4.)</strong></span> <span class='ocrx_word' id='word_1_360' title='bbox 570 2528 636 2563; x_wconf 66' lang='lat' dir='ltr'><strong>Xffi</strong></span> <span class='ocrx_word' id='word_1_361' title='bbox 655 2547 698 2552; x_wconf 96' lang='lat'><strong>—</strong></span> <span class='ocrx_word' id='word_1_362' title='bbox 714 2527 779 2562; x_wconf 62' lang='lat' dir='ltr'><strong>SJJM</strong></span> <span class='ocrx_word' id='word_1_363' title='bbox 793 2542 839 2555; x_wconf 86' lang='lat'><strong><em>=</em></strong></span> <span class='ocrx_word' id='word_1_364' title='bbox 860 2527 899 2560; x_wconf 86' lang='lat' dir='ltr'><strong>in</strong></span> 
     </span>
     <span class='ocr_line' id='line_1_42' title="bbox 205 2570 900 2608; baseline -0.004 -1"><span class='ocrx_word' id='word_1_365' title='bbox 205 2575 270 2607; x_wconf 83' lang='lat' dir='ltr'><strong>hoe</strong></span> <span class='ocrx_word' id='word_1_366' title='bbox 302 2586 412 2606; x_wconf 80' lang='lat' dir='ltr'><strong>esse</strong></span> <span class='ocrx_word' id='word_1_367' title='bbox 445 2572 539 2605; x_wconf 86' lang='lat' dir='ltr'><strong>bene.</strong></span> <span class='ocrx_word' id='word_1_368' title='bbox 587 2570 646 2604; x_wconf 77' lang='lat' dir='ltr'><strong>P4.</strong></span> <span class='ocrx_word' id='word_1_369' title='bbox 661 2573 694 2608; x_wconf 60' lang='grc' dir='ltr'>Ε</span> <span class='ocrx_word' id='word_1_370' title='bbox 712 2585 762 2604; x_wconf 72' lang='grc' dir='ltr'><strong>ω.</strong></span> <span class='ocrx_word' id='word_1_371' title='bbox 810 2572 900 2605; x_wconf 84' lang='lat' dir='ltr'><strong>RsG</strong></span> 
     </span>
     <span class='ocr_line' id='line_1_43' title="bbox 207 2617 898 2662; baseline -0.003 -11"><span class='ocrx_word' id='word_1_372' title='bbox 207 2631 289 2652; x_wconf 80' lang='lat' dir='ltr'><strong>rece.</strong></span> <span class='ocrx_word' id='word_1_373' title='bbox 305 2631 341 2662; x_wconf 90' lang='lat' dir='ltr'><strong>pp</strong></span> <span class='ocrx_word' id='word_1_374' title='bbox 354 2620 397 2653; x_wconf 68' lang='lat' dir='ltr'><strong>§.m</strong></span> <span class='ocrx_word' id='word_1_375' title='bbox 414 2621 448 2656; x_wconf 72' lang='lat'><strong>4&#39;</strong></span> <span class='ocrx_word' id='word_1_376' title='bbox 467 2630 511 2650; x_wconf 86' lang='lat' dir='ltr'><strong>ne</strong></span> <span class='ocrx_word' id='word_1_377' title='bbox 533 2617 595 2650; x_wconf 84' lang='lat' dir='ltr'><strong>diu</strong></span> <span class='ocrx_word' id='word_1_378' title='bbox 624 2618 704 2650; x_wconf 78' lang='lat' dir='ltr'><strong>viv</strong></span> <span class='ocrx_word' id='word_1_379' title='bbox 715 2630 737 2650; x_wconf 87' lang='lat' dir='ltr'><strong>a</strong></span> <span class='ocrx_word' id='word_1_380' title='bbox 749 2630 776 2650; x_wconf 81' lang='lat' dir='ltr'><strong>s.</strong></span> <span class='ocrx_word' id='word_1_381' title='bbox 827 2617 898 2649; x_wconf 85' lang='lat' dir='ltr'><strong>Col.</strong></span> 
     </span>
     <span class='ocr_line' id='line_1_44' title="bbox 211 2663 900 2702; baseline 0.001 -6"><span class='ocrx_word' id='word_1_382' title='bbox 211 2669 244 2702; x_wconf 57' lang='grc' dir='ltr'><strong>-ί-</strong></span> <span class='ocrx_word' id='word_1_383' title='bbox 260 2676 303 2696; x_wconf 88' lang='lat' dir='ltr'><strong>ne</strong></span> <span class='ocrx_word' id='word_1_384' title='bbox 338 2665 401 2696; x_wconf 81' lang='lat' dir='ltr'><strong>diu</strong></span> <span class='ocrx_word' id='word_1_385' title='bbox 432 2663 636 2696; x_wconf 80' lang='lat' dir='ltr'><strong>scilicet</strong></span> <span class='ocrx_word' id='word_1_386' title='bbox 668 2663 820 2695; x_wconf 73' lang='lat' dir='ltr'><strong>vivas.</strong></span> <span class='ocrx_word' id='word_1_387' title='bbox 868 2664 900 2697; x_wconf 64' lang='lat' dir='ltr'><em>z</em></span> 
     </span>
     <span class='ocr_line' id='line_1_45' title="bbox 206 2708 633 2746; baseline -0.009 -2"><span class='ocrx_word' id='word_1_388' title='bbox 206 2728 250 2734; x_wconf 90' lang='lat'><strong>--</strong></span> <span class='ocrx_word' id='word_1_389' title='bbox 262 2710 325 2746; x_wconf 71' lang='lat' dir='ltr'><strong>OEl.</strong></span> <span class='ocrx_word' id='word_1_390' title='bbox 338 2727 379 2733; x_wconf 89' lang='lat'>—</span> <span class='ocrx_word' id='word_1_391' title='bbox 393 2708 438 2742; x_wconf 67' lang='lat' dir='ltr'><strong>rie</strong></span> <span class='ocrx_word' id='word_1_392' title='bbox 460 2714 537 2741; x_wconf 86' lang='lat' dir='ltr'><strong>ante</strong></span> <span class='ocrx_word' id='word_1_393' title='bbox 561 2708 633 2740; x_wconf 86' lang='lat' dir='ltr'><strong>diu.</strong></span> 
     </span>
    </p>
   </div>
   <div class='ocr_carea' id='block_1_10' title="bbox 256 2762 902 2885">
    <p class='ocr_par' dir='ltr' id='par_1_14' title="bbox 256 2762 902 2885">
     <span class='ocr_line' id='line_1_46' title="bbox 307 2762 810 2830; baseline 0 -12"><span class='ocrx_word' id='word_1_394' title='bbox 307 2786 381 2819; x_wconf 84' lang='lat' dir='ltr'><strong>Lib.</strong></span> <span class='ocrx_word' id='word_1_395' title='bbox 404 2787 513 2819; x_wconf 84' lang='lat' dir='ltr'><strong>xvn.</strong></span> <span class='ocrx_word' id='word_1_396' title='bbox 561 2787 624 2830; x_wconf 77' lang='lat' dir='ltr'><strong>Ep.</strong></span> <span class='ocrx_word' id='word_1_397' title='bbox 649 2762 680 2818; x_wconf 70' lang='lat'><strong>2}</strong></span> <span class='ocrx_word' id='word_1_398' title='bbox 705 2784 810 2830; x_wconf 69' lang='lat'><strong>(102.)</strong></span> 
     </span>
     <span class='ocr_line' id='line_1_47' title="bbox 256 2841 902 2885; baseline -0.003 -11"><span class='ocrx_word' id='word_1_399' title='bbox 256 2844 285 2874; x_wconf 80' lang='lat' dir='ltr'><strong>G</strong></span> <span class='ocrx_word' id='word_1_400' title='bbox 306 2843 507 2885; x_wconf 80' lang='lat' dir='ltr'><strong>antiquiores</strong></span> <span class='ocrx_word' id='word_1_401' title='bbox 523 2851 561 2885; x_wconf 82' lang='lat' dir='ltr'><strong>pp·</strong></span> <span class='ocrx_word' id='word_1_402' title='bbox 574 2841 664 2875; x_wconf 86' lang='lat' dir='ltr'><strong>Pinc.</strong></span> <span class='ocrx_word' id='word_1_403' title='bbox 687 2854 716 2874; x_wconf 86' lang='lat' dir='ltr'><strong>v.</strong></span> <span class='ocrx_word' id='word_1_404' title='bbox 742 2842 763 2874; x_wconf 91' lang='lat' dir='ltr'><strong>l.</strong></span> <span class='ocrx_word' id='word_1_405' title='bbox 778 2857 822 2870; x_wconf 89' lang='lat'><strong><em>=</em></strong></span> <span class='ocrx_word' id='word_1_406' title='bbox 834 2841 902 2885; x_wconf 77' lang='lat' dir='ltr'><strong>af-</strong></span> 
     </span>
    </p>
   </div>
   <div class='ocr_carea' id='block_1_11' title="bbox 944 2254 1642 2875">
    <p class='ocr_par' dir='ltr' id='par_1_15' title="bbox 944 2254 1642 2616">
     <span class='ocr_line' id='line_1_48' title="bbox 990 2254 1640 2290; baseline -0.005 0"><span class='ocrx_word' id='word_1_407' title='bbox 990 2256 1183 2290; x_wconf 81' lang='lat' dir='ltr'><strong>Credebam</strong></span> <span class='ocrx_word' id='word_1_408' title='bbox 1197 2257 1290 2289; x_wconf 82' lang='lat' dir='ltr'><strong>enim</strong></span> <span class='ocrx_word' id='word_1_409' title='bbox 1307 2257 1460 2288; x_wconf 82' lang='lat' dir='ltr'><strong>me=B</strong></span> <span class='ocrx_word' id='word_1_410' title='bbox 1475 2254 1640 2288; x_wconf 82' lang='lat' dir='ltr'><strong>vetustio-</strong></span> 
     </span>
     <span class='ocr_line' id='line_1_49' title="bbox 944 2300 1639 2346; baseline -0.004 -12"><span class='ocrx_word' id='word_1_411' title='bbox 944 2313 996 2334; x_wconf 87' lang='lat' dir='ltr'><strong>res</strong></span> <span class='ocrx_word' id='word_1_412' title='bbox 1011 2313 1048 2346; x_wconf 90' lang='lat' dir='ltr'><strong>pp</strong></span> <span class='ocrx_word' id='word_1_413' title='bbox 1069 2307 1102 2333; x_wconf 85' lang='lat' dir='ltr'><strong>et</strong></span> <span class='ocrx_word' id='word_1_414' title='bbox 1122 2301 1195 2333; x_wconf 86' lang='lat' dir='ltr'><strong>rell.</strong></span> <span class='ocrx_word' id='word_1_415' title='bbox 1218 2301 1324 2334; x_wconf 86' lang='lat' dir='ltr'><strong>maior</strong></span> <span class='ocrx_word' id='word_1_416' title='bbox 1345 2312 1421 2344; x_wconf 86' lang='lat' dir='ltr'><strong>pars</strong></span> <span class='ocrx_word' id='word_1_417' title='bbox 1437 2300 1509 2332; x_wconf 93' lang='lat' dir='ltr'><strong>Col.</strong></span> <span class='ocrx_word' id='word_1_418' title='bbox 1522 2301 1639 2335; x_wconf 67' lang='grc' dir='ltr'><strong>’Σίθὶ-</strong></span> 
     </span>
     <span class='ocr_line' id='line_1_50' title="bbox 946 2342 1639 2384; baseline -0.004 -3"><span class='ocrx_word' id='word_1_419' title='bbox 946 2349 1013 2383; x_wconf 56' lang='lat'><strong>(520</strong></span> <span class='ocrx_word' id='word_1_420' title='bbox 1033 2347 1088 2381; x_wconf 61' lang='grc' dir='ltr'><strong>δὶα</strong></span> <span class='ocrx_word' id='word_1_421' title='bbox 1108 2365 1154 2370; x_wconf 88' lang='grc'><strong>-</strong></span> <span class='ocrx_word' id='word_1_422' title='bbox 1178 2347 1227 2382; x_wconf 60' lang='grc' dir='ltr'><strong>Ξ.</strong></span> <span class='ocrx_word' id='word_1_423' title='bbox 1296 2342 1357 2378; x_wconf 74' lang='lat' dir='ltr'><strong>P4.</strong></span> <span class='ocrx_word' id='word_1_424' title='bbox 1381 2361 1425 2375; x_wconf 61' lang='grc' dir='ltr'><strong><em>π</em></strong></span> <span class='ocrx_word' id='word_1_425' title='bbox 1445 2344 1639 2384; x_wconf 80' lang='lat' dir='ltr'><strong>Credebat</strong></span> 
     </span>
     <span class='ocr_line' id='line_1_51' title="bbox 947 2388 1639 2424; baseline -0.004 -1"><span class='ocrx_word' id='word_1_426' title='bbox 947 2391 1041 2423; x_wconf 88' lang='lat' dir='ltr'><strong>enim</strong></span> <span class='ocrx_word' id='word_1_427' title='bbox 1064 2403 1127 2424; x_wconf 87' lang='lat' dir='ltr'><strong>me.</strong></span> <span class='ocrx_word' id='word_1_428' title='bbox 1155 2391 1216 2423; x_wconf 82' lang='lat' dir='ltr'><strong>GR</strong></span> <span class='ocrx_word' id='word_1_429' title='bbox 1228 2403 1278 2423; x_wconf 82' lang='lat' dir='ltr'><strong>ex.</strong></span> <span class='ocrx_word' id='word_1_430' title='bbox 1289 2391 1480 2423; x_wconf 87' lang='lat' dir='ltr'><strong>Pincianum</strong></span> <span class='ocrx_word' id='word_1_431' title='bbox 1488 2389 1547 2422; x_wconf 79' lang='grc' dir='ltr'><strong>ΡΙ.</strong></span> <span class='ocrx_word' id='word_1_432' title='bbox 1559 2389 1594 2422; x_wconf 80' lang='lat'><strong>2.</strong></span> <span class='ocrx_word' id='word_1_433' title='bbox 1605 2388 1639 2423; x_wconf 83' lang='lat'><strong>3.</strong></span> 
     </span>
     <span class='ocr_line' id='line_1_52' title="bbox 947 2432 1640 2473; baseline -0.001 -2"><span class='ocrx_word' id='word_1_434' title='bbox 947 2438 973 2471; x_wconf 66' lang='lat' dir='ltr'>Q</span> <span class='ocrx_word' id='word_1_435' title='bbox 995 2454 1041 2461; x_wconf 94' lang='lat'><strong>-—</strong></span> <span class='ocrx_word' id='word_1_436' title='bbox 1061 2437 1131 2473; x_wconf 61' lang='lat'><strong>2³81.</strong></span> <span class='ocrx_word' id='word_1_437' title='bbox 1152 2454 1197 2460; x_wconf 88' lang='lat'><strong>—</strong></span> <span class='ocrx_word' id='word_1_438' title='bbox 1218 2448 1284 2469; x_wconf 88' lang='lat' dir='ltr'><strong>me.</strong></span> <span class='ocrx_word' id='word_1_439' title='bbox 1330 2432 1502 2468; x_wconf 83' lang='lat' dir='ltr'><strong>BGP1.4.</strong></span> <span class='ocrx_word' id='word_1_440' title='bbox 1521 2435 1640 2470; x_wconf 59' lang='lat' dir='ltr'><strong>&#39;Effl—</strong></span> 
     </span>
     <span class='ocr_line' id='line_1_53' title="bbox 947 2480 1639 2526; baseline -0.007 -10"><span class='ocrx_word' id='word_1_441' title='bbox 947 2482 1010 2519; x_wconf 59' lang='lat'><strong>(52.</strong></span> <span class='ocrx_word' id='word_1_442' title='bbox 1026 2481 1267 2526; x_wconf 64' lang='lat' dir='ltr'><strong>ssfacilem.</strong></span> <span class='ocrx_word' id='word_1_443' title='bbox 1317 2480 1420 2513; x_wconf 88' lang='lat' dir='ltr'><strong>Gron.</strong></span> <span class='ocrx_word' id='word_1_444' title='bbox 1444 2480 1485 2513; x_wconf 86' lang='lat' dir='ltr'><strong>ci.</strong></span> <span class='ocrx_word' id='word_1_445' title='bbox 1504 2494 1550 2508; x_wconf 84' lang='lat'><strong><em>=</em></strong></span> <span class='ocrx_word' id='word_1_446' title='bbox 1571 2480 1639 2512; x_wconf 88' lang='lat' dir='ltr'><strong>im-</strong></span> 
     </span>
     <span class='ocr_line' id='line_1_54' title="bbox 946 2524 1642 2564; baseline -0.001 -6"><span class='ocrx_word' id='word_1_447' title='bbox 946 2538 1000 2559; x_wconf 88' lang='lat' dir='ltr'><strong>mo</strong></span> <span class='ocrx_word' id='word_1_448' title='bbox 1031 2526 1229 2559; x_wconf 82' lang='lat' dir='ltr'><strong>mehercule</strong></span> <span class='ocrx_word' id='word_1_449' title='bbox 1271 2525 1435 2564; x_wconf 80' lang='lat' dir='ltr'><strong>credere5</strong></span> <span class='ocrx_word' id='word_1_450' title='bbox 1478 2524 1642 2558; x_wconf 82' lang='lat' dir='ltr'><strong>dabam</strong></span> 
     </span>
     <span class='ocr_line' id='line_1_55' title="bbox 946 2569 1291 2616; baseline 0 -12"><span class='ocrx_word' id='word_1_451' title='bbox 946 2572 1039 2604; x_wconf 86' lang='lat' dir='ltr'><strong>enim</strong></span> <span class='ocrx_word' id='word_1_452' title='bbox 1059 2584 1114 2604; x_wconf 88' lang='lat' dir='ltr'><strong>me</strong></span> <span class='ocrx_word' id='word_1_453' title='bbox 1125 2569 1291 2616; x_wconf 84' lang='lat' dir='ltr'><strong>facilem.</strong></span> 
     </span>
    </p>

    <p class='ocr_par' dir='ltr' id='par_1_16' title="bbox 945 2613 1640 2875">
     <span class='ocr_line' id='line_1_56' title="bbox 990 2613 1640 2655; baseline -0.008 -6"><span class='ocrx_word' id='word_1_454' title='bbox 990 2615 1022 2649; x_wconf 85' lang='lat'><strong>2.</strong></span> <span class='ocrx_word' id='word_1_455' title='bbox 1061 2617 1091 2648; x_wconf 90' lang='lat' dir='ltr'>G</span> <span class='ocrx_word' id='word_1_456' title='bbox 1116 2621 1151 2655; x_wconf 83' lang='grc' dir='ltr'><strong>-Ι-</strong></span> <span class='ocrx_word' id='word_1_457' title='bbox 1175 2625 1218 2649; x_wconf 79' lang='lat' dir='ltr'><strong>et</strong></span> <span class='ocrx_word' id='word_1_458' title='bbox 1251 2617 1289 2648; x_wconf 88' lang='lat' dir='ltr'><strong>in</strong></span> <span class='ocrx_word' id='word_1_459' title='bbox 1320 2615 1535 2648; x_wconf 80' lang='lat' dir='ltr'><strong>immensum.</strong></span> <span class='ocrx_word' id='word_1_460' title='bbox 1583 2613 1640 2644; x_wconf 87' lang='lat' dir='ltr'><strong>BG</strong></span> 
     </span>
     <span class='ocr_line' id='line_1_57' title="bbox 945 2657 1639 2696; baseline -0.006 -2"><span class='ocrx_word' id='word_1_461' title='bbox 945 2660 1005 2694; x_wconf 88' lang='lat' dir='ltr'><strong>Pl.</strong></span> <span class='ocrx_word' id='word_1_462' title='bbox 1017 2657 1051 2694; x_wconf 79' lang='lat'><strong>4.</strong></span> <span class='ocrx_word' id='word_1_463' title='bbox 1072 2661 1142 2694; x_wconf 89' lang='lat' dir='ltr'><strong>col.</strong></span> <span class='ocrx_word' id='word_1_464' title='bbox 1160 2661 1292 2696; x_wconf 65' lang='lat' dir='ltr'><strong>§Ji—(55</strong></span> <span class='ocrx_word' id='word_1_465' title='bbox 1309 2675 1354 2688; x_wconf 85' lang='lat'>=</span> <span class='ocrx_word' id='word_1_466' title='bbox 1374 2659 1551 2692; x_wconf 77' lang='lat' dir='ltr'><strong>transitur</strong></span> <span class='ocrx_word' id='word_1_467' title='bbox 1562 2670 1583 2690; x_wconf 89' lang='grc' dir='ltr'><strong>ιι</strong></span> <span class='ocrx_word' id='word_1_468' title='bbox 1595 2671 1639 2691; x_wconf 85' lang='lat' dir='ltr'><strong>m.</strong></span> 
     </span>
     <span class='ocr_line' id='line_1_58' title="bbox 946 2703 1636 2751; baseline -0.007 -12"><span class='ocrx_word' id='word_1_469' title='bbox 946 2708 1114 2739; x_wconf 83' lang='lat' dir='ltr'><strong>B=cum</strong></span> <span class='ocrx_word' id='word_1_470' title='bbox 1138 2705 1252 2738; x_wconf 76' lang='lat' dir='ltr'><strong>subito</strong></span> <span class='ocrx_word' id='word_1_471' title='bbox 1280 2703 1517 2751; x_wconf 75' lang='lat' dir='ltr'><strong>experfectus</strong></span> <span class='ocrx_word' id='word_1_472' title='bbox 1550 2715 1636 2735; x_wconf 80' lang='lat' dir='ltr'><strong>sum.</strong></span> 
     </span>
     <span class='ocr_line' id='line_1_59' title="bbox 950 2748 1639 2794; baseline -0.007 -10"><span class='ocrx_word' id='word_1_473' title='bbox 950 2751 981 2784; x_wconf 88' lang='lat' dir='ltr'><strong>G</strong></span> <span class='ocrx_word' id='word_1_474' title='bbox 1000 2750 1197 2784; x_wconf 79' lang='lat' dir='ltr'><strong>vetustiores</strong></span> <span class='ocrx_word' id='word_1_475' title='bbox 1217 2761 1254 2794; x_wconf 89' lang='lat' dir='ltr'><strong>pp</strong></span> <span class='ocrx_word' id='word_1_476' title='bbox 1275 2757 1309 2782; x_wconf 85' lang='lat' dir='ltr'><strong>et</strong></span> <span class='ocrx_word' id='word_1_477' title='bbox 1331 2749 1402 2782; x_wconf 86' lang='lat' dir='ltr'><strong>rell.</strong></span> <span class='ocrx_word' id='word_1_478' title='bbox 1431 2748 1536 2782; x_wconf 83' lang='lat' dir='ltr'><strong>maior</strong></span> <span class='ocrx_word' id='word_1_479' title='bbox 1564 2760 1639 2792; x_wconf 77' lang='lat' dir='ltr'><strong>pars</strong></span> 
     </span>
     <span class='ocr_line' id='line_1_60' title="bbox 950 2794 1639 2842; baseline -0.009 -12"><span class='ocrx_word' id='word_1_480' title='bbox 950 2796 994 2825; x_wconf 84' lang='lat'><strong>&#39;=</strong></span> <span class='ocrx_word' id='word_1_481' title='bbox 1013 2809 1056 2830; x_wconf 75' lang='lat' dir='ltr'><strong>ex</strong></span> <span class='ocrx_word' id='word_1_482' title='bbox 1081 2808 1145 2842; x_wconf 81' lang='lat' dir='ltr'><strong>erg</strong></span> <span class='ocrx_word' id='word_1_483' title='bbox 1157 2795 1237 2841; x_wconf 81' lang='lat' dir='ltr'><strong>esa</strong></span> <span class='ocrx_word' id='word_1_484' title='bbox 1249 2803 1336 2828; x_wconf 76' lang='lat' dir='ltr'><strong>ctus.</strong></span> <span class='ocrx_word' id='word_1_485' title='bbox 1384 2794 1411 2826; x_wconf 83' lang='lat' dir='ltr'>R</span> <span class='ocrx_word' id='word_1_486' title='bbox 1433 2810 1479 2819; x_wconf 85' lang='lat'>-</span> <span class='ocrx_word' id='word_1_487' title='bbox 1498 2801 1532 2826; x_wconf 89' lang='lat' dir='ltr'><strong>et</strong></span> <span class='ocrx_word' id='word_1_488' title='bbox 1563 2799 1639 2825; x_wconf 69' lang='lat' dir='ltr'><strong>ante</strong></span> 
     </span>
     <span class='ocr_line' id='line_1_61' title="bbox 951 2841 1188 2875; baseline -0.008 -1"><span class='ocrx_word' id='word_1_489' title='bbox 951 2852 1023 2874; x_wconf 84' lang='lat' dir='ltr'><strong>tam</strong></span> <span class='ocrx_word' id='word_1_490' title='bbox 1053 2841 1188 2875; x_wconf 61' lang='lat' dir='ltr'><strong>ellam.</strong></span> 
     </span>
    </p>
   </div>
  </div>
 </body>
</html>
