1742 3094
140 242 269 282 xxlv
723 241 1018 282 PRAEFATIO.

143 363 211 386 non
234 351 504 397 praetereundus.
551 354 713 386 Exaratus
743 352 876 386 videtur
906 365 968 397 per
990 351 1177 386 Rolandum
1198 351 1241 385 de
1260 351 1396 396 Plagola
1418 363 1507 385 anno
1531 352 1574 385 D.

149 407 246 442 1403.
271 410 349 441 dum
366 410 492 442 Romae
513 416 600 442 esset
621 410 766 453 Legatus
785 421 848 453 pro
869 409 1012 442 Civitate
1031 409 1183 443 Paduae:
1209 409 1265 453 qui
1284 420 1407 441 nomen
1427 420 1522 441 suum
1541 414 1576 440 et

144 468 290 498 Senecae
311 466 479 510 [Lucam]
509 466 634 498 Poetae
654 465 866 510 Epitaphium
895 477 914 499 a
937 478 973 498 se
999 466 1053 499 via
1075 465 1217 498 Ostiensi
1244 471 1413 509 repertum
1437 464 1480 497 ad
1497 464 1576 497 ‘enl-

141 533 213 554 cem
242 521 401 554 subdidit.
446 522 478 564 ¹⁶)
491 522 538 556 M.
566 524 606 554 A.
625 522 637 565 ss
676 522 867 555 LVCANO.
905 521 1222 567 CORDVBENSI.1{
1260 522 1416 555 ΡΟΕΤΕ.
1438 521 1578 553 BENE-

140 577 268 609 FICIO.
298 576 312 622 ΙΙ
358 577 563 610 NERONIS.
601 579 820 611 CAESARIS.
849 578 862 623 ss
900 579 1025 611 FAMA
1053 579 1266 613 SERVATA.
1325 577 1358 621 b)
1376 599 1390 615 s
1407 576 1452 611 Φ.
1474 574 1575 609 2199.

140 634 280 666 membr.
304 633 338 665 in
370 633 430 666 fol.
454 634 590 677 picturis
622 646 703 667 auro
732 634 901 679 minioque
924 634 1127 679 fulgentibus
1147 641 1301 674 ornatus,
1335 632 1577 677 elegantissime

142 696 293 722 exaratus
323 701 389 722 sec.
414 691 493 723 XV.
539 690 571 734 c)
597 690 638 731 Z.
651 688 759 724 2200.
784 691 923 723 membr.
950 690 1132 734 elegantia,
1168 697 1299 730 aetate,
1331 690 1442 723 forma
1471 688 1575 734 priori

144 745 268 778 similis.
316 745 382 778 Sed
401 753 574 790 praeterea
592 747 820 791 frequentibus
840 747 1076 780 notatiunculis
1097 753 1132 779 et
1152 746 1410 780 correctionibus
1427 752 1500 778 tum
1519 745 1576 778 in·-

142 807 196 833 ter
213 801 317 834 lineas
341 807 413 834 tum
432 802 476 835 ad
498 803 662 847 margines
685 810 812 836 auctus.
859 804 896 846 d)
924 805 954 849 β.
976 801 1076 835 2201.
1101 802 1239 835 membr.
1262 802 1298 834 in
1322 802 1384 835 fol.
1407 802 1577 846 eleganter

143 863 177 888 et
197 857 372 890 emendate
388 866 540 891 exaratus
563 871 629 894 sec.
651 860 746 892 XIII.
771 859 907 892 adiectis
931 871 950 891 e
972 858 1110 902 regione
1130 858 1229 891 variis
1250 857 1459 894 lectionibus.
1495 858 1527 901 e)
1540 865 1574 902 γ·

140 910 239 945 2202.
258 914 398 948 membr.
421 921 532 947 aetate
545 941 553 955 ‚
578 916 707 956 forma,
741 915 903 958 elegantia
925 914 1029 958 priori
1046 914 1170 947 similis.
1216 914 1292 946 Hoc
1313 913 1449 954 addito,
1485 914 1576 958 qnod

142 979 279 1011 operum
300 969 395 1002 initia
414 970 609 1014 imaginibus
628 971 764 1015 aliisque
787 970 1039 1004 emblematibus
1058 969 1184 1002 affabre
1202 969 1342 1013 depictis
1365 969 1574 1002 decorantur.

131 1022 180 1068 J)
206 1026 238 1058 δ.
262 1023 364 1059 2203.
387 1026 526 1059 membr.
547 1027 580 1058 in
603 1028 635 1060 4.
660 1034 812 1059 exaratus
835 1039 902 1059 sec.
920 1026 998 1059 XV.
1023 1025 1166 1058 Additur
1191 1025 1235 1057 ad
1257 1025 1381 1058 calcem
1410 1026 1574 1070 expositio

147 1079 269 1112 Colutii
287 1081 472 1114 Florentini
494 1094 594 1126 super
615 1081 645 1115 1.
669 1083 854 1126 Epistolam
877 1084 1022 1114 Senecae
1039 1081 1083 1113 ad
1096 1080 1270 1113 Lucillum.
1318 1082 1397 1126 (Hic
1419 1093 1494 1114 eum
1515 1095 1575 1124 suf-

143 1135 275 1177 reriore
292 1137 484 1181 saepissime
505 1138 687 1171 concordat
711 1145 745 1171 et
766 1139 853 1171 inter
874 1137 1029 1170 meliores
1050 1137 1154 1169 libros
1178 1143 1228 1169 est
1243 1137 1441 1181 habendus.)
1488 1138 1528 1184 g)
1545 1150 1573 1174 ε.

141 1188 241 1223 2205.
257 1192 395 1225 membr.
419 1194 453 1226 in
473 1191 507 1227 4.
532 1194 664 1238 elegans
688 1202 722 1227 et
745 1194 950 1234 emendatus,
974 1200 1124 1226 exaratus
1145 1204 1212 1225 sec.
1234 1193 1330 1227 XIII.
1353 1194 1523 1238 Epistolae
1539 1195 1572 1227 in

142 1245 209 1278 hoc
231 1258 293 1280 nec
313 1257 527 1283 numer-intur
550 1262 569 1283 e
591 1251 726 1294 regione
749 1263 812 1283 nec
842 1251 877 1283 in
908 1250 1012 1283 libros
1035 1249 1310 1282 discriminantur.
1357 1251 1441 1282 Sunt
1463 1257 1574 1283 autem

143 1300 276 1336 circiter
293 1304 482 1338 CXXVIII.
532 1307 703 1351 (Quamvis
727 1307 874 1351 pluribus
897 1306 980 1339 locis
1001 1305 1222 1349 interpolatus
1244 1312 1355 1338 servat
1372 1306 1492 1339 alicubi
1510 1318 1574 1350 ge-

139 1356 274 1391 nuinam
305 1361 529 1405 scripturam.)
577 1362 615 1405 h)
642 1364 670 1403 ζ.
694 1361 795 1395 2207.
828 1362 966 1394 membr.
998 1361 1034 1393 in
1069 1361 1131 1393 fol.
1163 1367 1337 1401 exaratus,
1371 1368 1409 1394 ut
1430 1362 1573 1403 videtur,

140 1423 239 1446 manu
262 1416 457 1450 Germanica
488 1429 553 1450 sec.
578 1417 710 1450 circiter
728 1419 823 1451 XIII.
847 1417 1020 1461 Epistolae
1048 1416 1083 1448 in
1103 1427 1145 1448 eo
1169 1416 1324 1449 CXXVI.
1347 1424 1573 1450 numerantur.

142 1469 220 1511 (Hic
239 1482 370 1516 quoque
383 1485 452 1505 non
471 1473 591 1506 leviter
609 1480 659 1506 est
678 1473 924 1517 interpolatus.)
971 1472 1000 1516 ι)
1026 1495 1040 1509 .
1056 1484 1093 1516 φ.
1111 1469 1213 1504 2208.
1237 1472 1374 1505 membr.
1396 1470 1476 1506 in4.
1500 1473 1574 1506 ele·-

138 1525 330 1566 gantissime
353 1536 504 1561 exaratus
535 1541 600 1561 sec.
621 1530 699 1562 XV.
747 1530 782 1573 k)
809 1552 822 1566 .
838 1530 875 1564 Δ.
897 1527 997 1562 2212.
1021 1527 1160 1560 membr.
1188 1527 1223 1560 in
1244 1527 1306 1561 fol.
1329 1540 1470 1571 magno,
1495 1530 1572 1574 api-

141 1580 231 1613 cibus
255 1582 299 1614 ad
318 1584 498 1617 Gothicum
516 1585 640 1629 stylum
667 1586 878 1629 vergentibus
898 1585 930 1617 in
954 1584 1129 1617 Germania
1141 1609 1150 1622 ‚
1185 1589 1222 1615 ut
1242 1583 1394 1625 videtur,
1419 1581 1571 1618 exaratus

138 1634 236 1669 initio
258 1650 325 1672 sec.
348 1640 426 1673 XV.
449 1639 627 1674 initialibus
651 1641 754 1674 literis
789 1653 870 1674 auro
893 1641 1062 1685 minioque
1085 1639 1212 1672 affabre
1234 1639 1376 1683 depictis
1398 1651 1418 1672 a
1443 1652 1570 1674 summo

138 1691 183 1723 ad
202 1693 326 1727 calcem
346 1703 534 1729 exornatus.
584 1698 685 1741 (Raro
705 1698 883 1741 laudatur.)
931 1698 958 1740 l)
989 1696 1061 1733 .H.
1083 1694 1184 1729 2213.
1206 1695 1344 1728 membr.
1369 1695 1488 1736 forma,
1511 1708 1571 1730 ae—

135 1754 219 1789 tate,
243 1757 363 1784 ornatu
381 1752 484 1796 priori
505 1753 577 1785 fere
589 1753 713 1786 similis.
740 1754 818 1798 (Hic
838 1765 970 1797 quoque
984 1764 1060 1785 raro
1077 1751 1254 1794 laudatur.)
1302 1751 1349 1795 m)
1381 1774 1395 1789 .
1408 1752 1456 1788 X.
1469 1751 1570 1786 2214.

136 1805 274 1838 membr.
293 1806 328 1839 in
351 1808 413 1840 fol.
434 1815 585 1841 exaratus
603 1810 690 1842 circa
709 1809 808 1842 finem
829 1821 893 1841 sec.
917 1810 1011 1842 XIV.
1036 1808 1242 1852 elegantibus
1265 1807 1400 1851 picturis
1423 1815 1570 1841 ornatus.

138 1861 240 1904 (Raro
263 1863 442 1907 laudatur.)
489 1864 526 1907 n)
556 1887 568 1900 .
586 1866 624 1906 ψ.
637 1864 737 1897 2215.
750 1866 887 1898 membr.
909 1865 943 1897 in
966 1865 1028 1899 fol.
1043 1864 1212 1908 eleganter
1227 1869 1380 1896 exaratus
1394 1875 1462 1896 sec.
1473 1865 1570 1898 xlv.

136 1923 237 1961 atque
272 1925 407 1952 ornatus
443 1926 479 1951 ut
501 1921 661 1964 superior.
711 1922 811 1966 (Non
844 1921 1048 1965 spernendus
1070 1920 1126 1953 hic
1145 1920 1264 1963 liber.)
1319 1919 1352 1959 υ)
1382 1941 1397 1956 .
1414 1930 1448 1964 χ.
1466 1916 1568 1952 2216.
1609 1936 1612 1938 v

135 1974 273 2006 membr.
308 1975 343 2007 in
367 1975 428 2008 sol.
450 1975 621 2019 eleganter
651 1984 802 2010 exaratus
825 1989 894 2009 sec.
916 1978 1010 2010 XIV.
1065 1976 1105 2023 p)
1131 1988 1168 2020 η.
1189 1974 1293 2010 3873.
1316 1974 1455 2008 membr.
1479 1974 1516 2007 in
1534 1970 1569 2008 4.

135 2029 298 2073 quadrato
321 2038 472 2064 exaratus
494 2043 583 2065 anno
605 2031 701 2067 1368.

218 2085 270 2128 Β.
297 2086 482 2129 Palatini.
514 2095 551 2137 α)
579 2115 593 2130 .
606 2094 656 2127 Π.
675 2092 753 2126 869.
778 2095 918 2126 membr.
939 2094 974 2125 in
990 2091 1024 2125 4.
1052 2093 1198 2135 oblongo
1221 2098 1372 2124 exaratus
1389 2102 1456 2123 sec.
1469 2092 1567 2123 XIII.

133 2153 303 2196 Epistolae
340 2161 418 2186 sunt
444 2154 539 2186 initio
563 2159 598 2185 et
620 2153 686 2185 fine
709 2153 857 2185 mutilae.
906 2154 1039 2196 (Bonus
1062 2151 1148 2183 liber
1175 2150 1296 2183 daeinit
1319 2151 1382 2193 Ep.
1409 2148 1495 2190 123,
1517 2149 1566 2194 2.)

132 2208 166 2250 b)
193 2210 226 2242 3.
246 2208 336 2242 1538
367 2210 505 2242 membr.
526 2209 561 2240 in
583 2208 643 2242 fol.
666 2208 835 2251 eleganter
856 2214 1007 2239 exaratus
1027 2219 1092 2239 sec.
1111 2207 1205 2239 XIV.
1230 2206 1395 2249 pictisque
1413 2205 1569 2249 imagini-

131 2263 192 2296 bus
214 2264 258 2296 ad
279 2264 372 2297 initia
391 2265 550 2297 librorum
568 2264 754 2297 decoratus,
801 2264 945 2296 Grutero
964 2262 1258 2295 diciturPalatinus
1281 2262 1418 2306 primuS.
1463 2261 1567 2305 (Ubi-

131 2331 196 2362 que
220 2320 291 2352 fere
315 2321 480 2353 consentit
504 2332 577 2352 cum
608 2320 663 2362 G.)
712 2319 743 2362 c)
769 2332 790 2354 ι.
815 2316 913 2351 1539.
938 2319 1076 2351 membr.
1097 2318 1130 2349 in
1161 2318 1221 2351 fol.
1241 2329 1382 2360 magno,
1422 2317 1567 2361 optimae

130 2381 232 2408 notae
254 2382 288 2407 et
313 2376 550 2409 cor-rectissime
570 2376 709 2419 scriptus
733 2387 797 2408 see.
819 2376 912 2407 XIV.
946 2374 1053 2407 literis
1077 2373 1255 2406 initialibus
1285 2384 1366 2406 auro
1398 2373 1567 2417 minioque

131 2431 271 2474 depictis
296 2439 441 2464 ornatus.
490 2432 634 2464 Grutero
645 2431 811 2463 Palatinus
836 2430 1008 2464 secundus.
1046 2429 1233 2474 (consentit
1250 2429 1321 2462 fere
1337 2440 1412 2461 cum
1426 2441 1444 2461 r
1461 2436 1494 2461 et
1509 2429 1564 2472 w.)

130 2487 167 2529 d)
193 2500 225 2521 κ.
239 2485 336 2520 1541.
359 2489 462 2520 chart.
482 2487 516 2520 in
533 2487 594 2520 fol.
617 2499 716 2519 mauu
731 2487 927 2519 Germanica
947 2493 1096 2519 exaratus
1116 2498 1180 2518 sec.
1192 2486 1286 2517 XVI.
1302 2485 1354 2527 (7)
1378 2484 1568 2529 notulisqne

130 2543 173 2575 ad
188 2543 351 2586 margines
370 2544 495 2576 ditatus
512 2544 674 2587 variisque
691 2543 899 2575 lectionibus.
926 2543 1085 2586 (Gmtero
1108 2547 1159 2574 est
1170 2541 1238 2573 Pal.
1252 2539 1315 2585 4.).
1363 2541 1395 2584 e)
1421 2542 1450 2574 λ.
1465 2539 1564 2577 1542.

130 2599 274 2633 chartac.
284 2599 318 2631 in
331 2597 365 2633 4.
378 2599 550 2643 eleganter
561 2606 595 2631 et
606 2599 782 2631 emendate
795 2605 946 2631 exaratus
957 2610 1025 2630 sec.
1038 2599 1132 2630 XVI.
1144 2597 1198 2639 (ἲ)
1217 2598 1376 2641 (Grutero
1387 2603 1438 2628 est
1448 2594 1562 2628 pah-3.

130 2655 286 2687 convenit
306 2655 499 2699 plerumque
517 2667 591 2687 cum
611 2655 639 2687 R
653 2661 688 2686 et
707 2666 807 2698 saepe
829 2654 864 2686 in
886 2661 1043 2686 contextu
1067 2654 1168 2686 habet
1192 2665 1246 2685 eas
1264 2652 1454 2695 scriptum,
1480 2662 1564 2694 quae

128 2710 217 2754 apud
240 2710 270 2743 R
296 2711 332 2743 in
363 2711 428 2743 oris
450 2711 633 2753 notantur).
672 2710 721 2755 f)
749 2723 784 2753 μ.
810 2707 908 2742 1543.
933 2710 1070 2744 membr.
1093 2710 1127 2741 in
1146 2708 1180 2742 4.
1204 2720 1269 2741 sec.
1291 2708 1386 2741 XIII.
1435 2707 1564 2738 Desunt

128 2767 161 2798 in
182 2766 250 2799 hoc
271 2778 391 2799 novem
425 2766 574 2809 integrae
599 2766 726 2810 priores
746 2765 915 2810 Epistulae
940 2773 973 2798 et
996 2766 1125 2798 initium
1149 2764 1306 2797 decimae.
1356 2761 1499 2806 (Desinit
1530 2761 1564 2794 in

198 2877 222 2908 ⁸)
242 2875 330 2904 unna
352 2875 578 2912 inscriptionem
599 2884 652 2903 nec
676 2875 755 2912 apud
775 2876 938 2904 Gruterum
956 2885 1011 2904 nec
1030 2875 1110 2912 apud
1128 2876 1280 2903 Osannum
1298 2871 1427 2909 reperio.
