1742 3094
183 188 268 232 678
626 194 670 234 L.
701 194 898 235 ANNAEI
929 195 1159 235 SENECAE

185 307 265 342 tum
291 301 462 344 studium
481 303 704 348 derideatur
732 314 926 363 tamquam
949 315 1150 363 operatum
1173 307 1442 363 superuacuis.
1503 305 1625 363 Quid,

189 368 223 409 si
254 369 379 411 scires
410 371 526 413 etiam
554 372 648 415 illud
678 375 814 430 quaeri
843 389 901 417 an
929 375 1081 418 bonum
1111 377 1166 417 sit
1191 375 1350 431 fictura
1377 375 1630 430 sapientia?

139 446 172 475 ἐτ
192 434 296 490 Quid
323 437 426 479 enim
451 439 555 481 dubii
578 448 664 494 est,
698 457 769 484 oro
789 450 827 484 te
843 475 854 495 ‚
887 458 938 485 an
963 458 1036 486 nec
1057 457 1227 485 messem
1253 445 1421 485 futuram
1439 442 1518 485 iam
1536 456 1628 484 seu-

191 503 288 545 tiant
310 505 451 548 horrea
475 521 548 549 nec
570 510 738 551 suturam
759 511 1066 553 adulescentiam
1095 511 1263 567 pueritia
1280 511 1431 552 uiribus
1453 516 1520 552 aut
1548 510 1630 552 uuo

189 571 333 614 robore
359 574 592 631 intellegat?
649 577 787 634 Aegro
818 578 974 621 interim
1005 579 1061 621 nil
1081 586 1248 621 uentura
1275 578 1424 620 sanitas
1453 578 1628 634 prodest,

190 653 270 681 non
291 642 416 697 magis
442 658 554 699 quam
577 653 800 687 currentem
823 647 1110 702 luctantemque
1132 653 1222 702 post
1239 646 1381 688 multos
1405 652 1631 687 secuturum

190 721 348 750 menses
374 711 494 752 otium
517 713 658 754 reficit.
721 713 821 769 Quis
850 714 977 756 nescit
998 715 1071 756 hoe
1091 714 1176 770 ipso
1207 728 1288 755 non
1315 727 1403 755 esse
1425 713 1570 754 bonum
1591 713 1632 754 id

191 776 292 849 ‘¹¹¹.⁰‘¹
327 777 494 820 futurum
521 787 606 832 est,
657 782 747 837 quia
781 783 953 824 futurum
985 783 1075 824 est?
1131 780 1239 823 Nam
1271 781 1374 837 quod
1406 769 1551 822 honu‘m
1572 786 1635 822 est

140 856 174 882 ἰε
192 848 327 897 utique
357 847 541 900 prodest:
590 849 667 890 nisi
686 850 908 906 praesentia
938 851 1126 907 prodesse
1150 863 1230 890 non
1247 855 1426 904 possunt.
1488 846 1534 890 Si
1554 861 1632 889 non

190 911 374 965 prodest,
419 914 564 957 bonum
590 931 671 958 non
698 925 774 960 est.
836 919 870 960 si
894 919 1076 974 prodest,
1119 917 1196 958 iam
1218 923 1294 958 est.
1352 914 1528 957 Futurus
1547 929 1633 956 sum

192 978 379 1053 sapiens:
412 982 486 1024 hoe
506 984 650 1026 bonum
675 986 776 1039 erit,
806 1001 892 1028 cum
915 988 1043 1028 fuero.
1104 984 1261 1026 interim
1281 998 1361 1025 non
1379 990 1456 1024 est.
1516 981 1634 1024 Prius

189 1045 332 1101 ahquid
356 1062 445 1091 esse
465 1052 604 1104 debet,
638 1054 776 1095 deinde
798 1055 910 1109 quale
929 1068 1035 1096 esse.
1097 1052 1321 1107 Quomodo,
1354 1065 1425 1092 oro
1444 1058 1498 1103 te,
1531 1050 1632 1105 quod

191 1114 315 1156 adhuc
342 1117 438 1159 nihil
461 1127 523 1161 est
542 1120 617 1161 iam
637 1121 781 1163 bonum
801 1123 890 1163 est?
949 1120 1156 1176 Quomodo
1181 1126 1310 1161 autem
1337 1118 1405 1160 tibi
1424 1117 1550 1173 magis
1571 1117 1633 1159 uis

190 1181 347 1235 probari
364 1198 444 1227 non
468 1200 557 1228 esse
579 1189 738 1244 aliquid,
772 1203 886 1245 quam
908 1189 942 1231 si
963 1189 1119 1240 dixero,
1148 1187 1345 1244 sittim-um
1365 1190 1428 1228 est
1442 1185 1464 1226 ἓ
1519 1184 1634 1230 Non-

140 1263 173 1290 29
192 1249 281 1290 dum
323 1252 427 1294 enim
457 1255 617 1297 uenisse
657 1257 816 1312 adparet
855 1258 956 1312 quod
993 1256 1118 1299 uenit.
1177 1254 1262 1297 Uer
1290 1260 1514 1295 secuturum
1542 1259 1631 1294 est:

190 1317 273 1358 seio
303 1333 406 1362 nunc
439 1321 606 1365 hiemem
638 1338 744 1366 esse.
805 1333 938 1366 aestas
969 1331 1154 1366 secutura
1189 1329 1275 1364 est:
1320 1321 1404 1363 seio
1442 1327 1633 1362 aestatem

188 1398 267 1426 non
290 1400 396 1430 esse.
457 1389 677 1433 Maximum
699 1400 970 1449 argumentum
992 1393 1115 1434 habeo
1141 1391 1311 1432 nondum
1335 1388 1555 1445 praesentis
1573 1389 1633 1429 fu-

187 1459 317 1496 turum
337 1469 442 1498 esse.
506 1456 666 1516 Sapiam
684 1494 695 1514 ,
742 1475 887 1517 spero:
930 1462 999 1503 sed
1018 1459 1173 1501 interim
1193 1472 1272 1500 uon
1293 1456 1419 1512 sapio.
1480 1456 1515 1497 si
1538 1455 1630 1497 illud

188 1521 332 1564 bonum
365 1524 549 1567 haberem
565 1559 576 1579 ,
623 1528 699 1569 iam
729 1529 803 1570 hoe
823 1543 999 1571 carerem
1020 1528 1136 1569 malo.
1196 1524 1390 1567 Futurum
1416 1530 1478 1566 est
1498 1530 1543 1565 ut
1567 1537 1631 1565 sa-

189 1599 335 1644 quidem.
381 1605 458 1637 Lat.
479 1606 590 1638 Latiu-
616 1607 638 1640 l.
660 1607 682 1640 l.
709 1623 752 1636 =
775 1621 888 1641 one-

187 1654 306 1679 ratum
329 1653 574 1694 supervacuis.

935 1621 953 1641 s
962 1620 984 1640 u
993 1608 1018 1641 d
1028 1619 1048 1640 o
1056 1620 1075 1639 r
1084 1620 1103 1639 e
1113 1619 1131 1640 s
1155 1606 1276 1638 ott'um.
1326 1603 1397 1636 Col.
1407 1618 1454 1631 =
1470 1610 1568 1635 secut
1577 1614 1600 1634 u
1609 1614 1629 1635 s·

935 1666 952 1685 s
962 1666 980 1685 e
991 1665 1012 1684 n
1023 1666 1040 1685 s
1050 1665 1073 1684 u
1084 1664 1102 1684 s
1136 1653 1256 1683 otium.
1309 1648 1396 1681 Rell.
1431 1647 1532 1680 etiam
1568 1647 1627 1679 Gr.

209 1701 283 1753 ‘fu
293 1712 309 1736 t
318 1717 340 1736 u
351 1718 371 1737 r
382 1718 404 1737 a
430 1708 608 1752 sapientia
631 1724 675 1737 =
698 1722 749 1743 ex.
777 1712 888 1743 Fran-

189 1759 264 1798 cisc.
289 1749 360 1783 Col.
383 1751 526 1788 6-ῢ.
596 1755 801 1801 B=puta
822 1769 885 1789 sa-

184 1796 337 1837 pzentia.
383 1798 450 1830 mG
464 1798 598 1844 ΒΖβιλτ
611 1800 710 1844 (εση.)
730 1801 787 1834 Ρ2.
801 1801 834 1835 3.
857 1803 886 1836 Ἡ

189 1853 234 1890 ς
246 1851 295 1872 an
316 1839 441 1875 bonum
464 1845 513 1876 sit
536 1857 560 1878 a
570 1857 594 1876 n
607 1845 666 1890 fu
678 1848 713 1879 it
736 1849 885 1893 sapien-

188 1891 270 1936 na..
299 1897 436 1938 χῗεαη
459 1887 584 1923 bonum
614 1892 664 1924 sit
692 1893 769 1925 νεῖ
786 1893 886 1937 fuit

188 1940 380 1983 sequentia.
420 1936 580 1977 γδεαη
612 1936 737 1970 honum
756 1940 806 1971 sit
828 1951 884 1971 an

178 1974 239 2027 fu
251 1988 270 2008 ε
280 1988 299 2007 r
309 1986 343 2009 ιι
368 1980 559 2024 sapientia.
598 1993 624 2025 φ
634 1997 679 2012 =
689 1995 736 2015 an
761 1983 885 2016 bonum

187 2029 238 2053 stt
269 2034 288 2053 e
298 2030 314 2054 t
337 2026 527 2078 sapic-min.
577 2027 809 2072 (ἶΠαηὲἲκοσψ
824 2029 883 2062 Pl.

186 2064 219 2098 4.
244 2066 279 2101 {R
290 2085 336 2091 —
348 2070 376 2103 (Ξ
387 2074 421 2106 ¹2.
431 2072 623 2116 —suturm

230 2132 287 2167 27.
306 2137 423 2180 mm)
436 2153 482 2167 =
492 2140 587 2182 Quid
599 2142 692 2175 enim
705 2142 796 2176 dubi
818 2151 882 2176 est.

188 2178 246 2210 GR
259 2191 296 2222 ρρ
314 2181 372 2213 Gr.
386 2184 451 2218 ’ὶίθὶ
462 2202 509 2208 -
521 2186 583 2222 (ξ2.
607 2202 652 2215 =
671 2186 766 2230 Quid
793 2188 825 2232 [0
840 2204 884 2217 =

188 2226 240 2265 Qu
250 2236 270 2256 o
281 2226 319 2267 d]
335 2239 427 2259 emm
449 2229 563 2262 dubia
575 2244 607 2263 m
627 2241 679 2264 est
697 2234 738 2276 (X
748 2251 794 2258 —
806 2235 884 2276 esc).

187 2269 277 2320 Pjuc.
290 2282 321 2301 v.
335 2270 357 2302 Ῑ.
374 2285 424 2306 ω.
450 2273 540 2307 RP3.
557 2295 600 2300 -—-
613 2278 686 2309 iam
707 2284 784 2309 ante
800 2290 884 2310 sen-

187 2322 293 2362 tiant.
340 2315 407 2349 1²4.
430 2333 474 2346 =
497 2322 625 2353 sentie
635 2331 684 2354 nt.
743 2322 814 2354 Col.
839 2338 883 2351 =

188 2370 235 2391 an
267 2371 332 2392 nec
360 2373 507 2396 messem
522 2363 691 2408 futuram
725 2368 884 2399 sentiunt

187 2404 319 2437 horrea
342 2407 414 2440 iam
435 2419 499 2441 nec
511 2408 589 2454 fut.
606 2411 700 2444 adol.
747 2411 883 2456 Ζηιλσφ

186 2466 233 2479 ==
252 2452 377 2497 Ergo
411 2453 556 2487 interim
587 2457 659 2488 nih
671 2456 709 2488 il.
755 2458 781 2489 P
792 2457 824 2490 2.
847 2457 881 2491 3.

189 2495 260 2548 ‚⁶⁰¹-
274 2511 318 2524 =
334 2500 432 2544 Erg
442 2510 462 2531 ο
481 2500 552 2533 nih
563 2500 603 2533 il
622 2502 778 2534 interim.
805 2504 883 2546 (Et-

188 2553 252 2590 iam
276 2542 304 2574 R
314 2558 361 2572 =
372 2544 487 2579 nihil
507 2545 675 2591 interim).
723 2548 810 2590 γδζὶῖ
821 2547 879 2580 Pl.

186 2602 232 2614 =
256 2588 420 2633 Igitur
449 2590 595 2624 interim
640 2592 761 2626 nihil.
807 2604 830 2624 n
845 2593 884 2626 il

186 2632 303 2677 scripsi
325 2645 365 2665 ex
377 2635 413 2667 Β.
451 2635 512 2668 GR
523 2636 588 2672 181
598 2638 687 2673 -ῢ
700 2652 744 2665 =
757 2638 830 2670 nih
841 2638 880 2670 il.

233 2697 432 2741 secuturum
456 2704 516 2725 me
526 2704 548 2725 n
560 2705 577 2726 s
588 2707 633 2727 ee
666 2695 775 2727 otium
797 2709 842 2723 =
866 2696 884 2734 ζ

190 2733 223 2768 Ξ
238 2744 278 2766 ωε
302 2745 342 2766 m.
412 2738 455 2770 Sa
467 2753 513 2767 =
524 2748 723 2773 secuturum
746 2751 765 2773 s
773 2752 792 2772 e
802 2751 826 2771 n
837 2751 855 2772 s
865 2752 884 2772 e

188 2780 374 2814 socium.
434 2794 457 2826 η
480 2793 738 2818 =secuturos
771 2786 884 2827 [Ξτ

188 2824 278 2869 2..m.]
295 2836 314 2857 s
322 2838 340 2858 e
348 2837 367 2858 s
377 2838 395 2859 e
420 2829 540 2863 otium.
578 2841 620 2865 επ
629 2846 672 2859 =
684 2838 884 2866 secuturum

933 1699 998 1733 'MR
1011 1717 1055 1722 —-
1076 1698 1140 1732 {ma
1161 1711 1206 1724 =
1229 1703 1429 1727 secuturum
1461 1705 1508 1725 se
1518 1703 1599 1724 nsu
1610 1703 1629 1723 s

933 1744 1052 1775 ocium.
1101 1741 1192 1786 quod
1222 1740 1389 1772 neminem
1421 1744 1499 1771 ante
1519 1739 1628 1770 Swum

933 1787 1085 1821 offendit.
1133 1785 1268 1830 R(mm)
1295 1803 1335 1810 —
1357 1783 1443 1829 quia
1460 1781 1629 1828 futurum

932 1842 996 1867 est.
1043 1833 1226 1878 ΒΖβιλοπχ
1248 1836 1285 1871 -ὶ-
1308 1830 1390 1863 sed
1414 1829 1488 1862 nisi
1514 1839 1629 1874 prae-

932 1887 1061 1913 sentia.

975 1922 1030 1958 28.
1056 1924 1122 1960 Εἶτῖ.
1135 1941 1178 1946 -——
1191 1921 1256 1956 fflta
1274 1923 1309 1959 -†-
1326 1918 1450 1952 bonum
1480 1929 1551 1950 non
1574 1925 1629 1951 est

931 1982 953 2002 u
965 1978 979 2003 t
990 1971 1032 2015 iq
1042 1981 1064 2002 u
1076 1981 1104 2002 ε.
1128 1968 1164 2002 {R
1177 1984 1215 1992 -
1230 1968 1293 2004 (21.
1303 1965 1392 1998 =si
1402 1963 1628 2009 nonprodcst

932 2014 1075 2047 bonum:
1113 2024 1183 2045 non
1215 2024 1236 2044 u
1248 2011 1316 2056 tiq
1327 2022 1350 2043 u
1359 2022 1379 2042 e
1413 2010 1446 2042 si
1477 2009 1627 2054 prodest

931 2072 997 2093 om.
1022 2068 1086 2092 est.
1133 2059 1160 2091 B
1175 2059 1203 2102 (s
1214 2057 1260 2100 m)
1272 2072 1318 2085 =
1328 2056 1362 2088 si
1384 2055 1532 2100 prodest
1543 2078 1554 2094 ,
1577 2054 1592 2086 i
1602 2065 1627 2086 α

932 2115 996 2139 est.
1021 2105 1112 2151 Ζβετ
1127 2102 1234 2148 (p.m.)
1248 2113 1274 2146 φ
1285 2101 1405 2146 (cnm)
1418 2101 1447 2135 2(
1464 2104 1499 2138 ÷
1515 2099 1627 2131 Prius

932 2152 1072 2196 aliquid
1093 2149 1209 2194 quod
1233 2159 1311 2179 esse
1331 2145 1443 2178 debet.
1478 2155 1509 2178 ιτ
1521 2143 1622 2187 (mm.)

929 2197 1020 2229 Piuc.
1033 2207 1064 2228 v.
1079 2195 1100 2226 l.
1116 2193 1172 2226 P2.
1200 2191 1272 2224 Col.
1291 2206 1338 2220 =
1358 2189 1488 2223 deinde
1520 2187 1625 2233 quale

931 2250 1012 2273 est.
1063 2240 1093 2271 G
1105 2238 1255 2270 -εηίηι
1280 2241 1359 2280 post
1376 2233 1542 2267 nondum.
1568 2243 1626 2276 ιῐιγ

930 2297 997 2329 emp
1011 2284 1110 2329 (san.)
1134 2284 1211 2315 Lat.
1232 2281 1341 2314 Latin.
1356 2279 1380 2312 l.
1394 2279 1417 2312 l.
1439 2293 1485 2308 =
1507 2289 1625 2324 appa-

929 2339 983 2363 ret
1004 2330 1098 2376 quod
1121 2328 1203 2360 veni
1213 2339 1232 2359 ε
1241 2334 1267 2359 t.
1314 2337 1336 2369 γ
1346 2340 1391 2353 =
1401 2324 1494 2370 quod
1517 2336 1538 2356 v
1549 2334 1624 2356 en-

929 2385 1083 2408 turum
1107 2381 1189 2407 est.
1237 2370 1476 2417 βδψεᾳαοά
1506 2379 1624 2401 νεη-

929 2429 1082 2454 turum
1106 2419 1181 2452 vel
1202 2425 1401 2449 secuturum
1423 2422 1477 2448 est
1499 2413 1586 2447 scio.

972 2463 1027 2499 29.
1067 2466 1097 2498 G
1111 2462 1210 2509 (ιω.)
1224 2477 1270 2490 =
1284 2461 1361 2495 vel
1379 2472 1461 2506 quo
1473 2459 1497 2492 d
1522 2469 1624 2492 secu-

927 2520 1044 2544 turum
1066 2519 1128 2544 est.
1158 2509 1228 2553 ΔΒ(ε
1239 2507 1291 2550 tu)
1302 2522 1348 2536 =
1360 2518 1418 2540 sec
1426 2516 1535 2538 urum
1557 2512 1625 2537 est.

926 2569 949 2600 η
966 2561 1000 2595 -ὶ-
1016 2563 1190 2589 aestatem
1212 2564 1330 2585 nunc
1352 2562 1423 2584 non
1445 2561 1534 2583 esse.
1580 2550 1623 2592 γδ

926 2604 960 2638 θί
973 2621 1010 2626 -
1029 2604 1092 2639 (ξι.
1107 2618 1150 2626 -
1162 2610 1240 2631 esse
1259 2603 1338 2642 post
1348 2595 1526 2642 futurum.
1561 2593 1622 2626 GR

930 2659 968 2691 ρρ
983 2649 1066 2692 (exc.
1078 2657 1140 2679 ατυ
1154 2642 1267 2689 [p.m.]
1285 2642 1338 2686 ω)
1360 2641 1420 2674 Pl.
1435 2639 1469 2673 2.
1489 2638 1524 2672 3.
1547 2636 1620 2682 (1²4.

934 2694 985 2736 ω)
1004 2691 1076 2724 Col.
1099 2691 1129 2724 21
1150 2705 1196 2718 =
1217 2689 1367 2734 sapien
1378 2686 1476 2720 tiam
1506 2695 1525 2716 s
1549 2693 1621 2716 ero.

928 2738 1120 2774 §tt—23=
1139 2733 1384 2780 sapientia·
1399 2739 1513 2776 spero.
1553 2726 1619 2760 inc.

930 2780 1225 2826 castigationem
1244 2783 1279 2818 -ξ-
1300 2779 1356 2811 Ut
1377 2775 1518 2820 sapiam
1539 2784 1623 2818 spe-

930 2841 982 2862 ro.
1029 2839 1050 2873 χ
1062 2841 1108 2856 =
1123 2826 1187 2860 sed
1209 2824 1354 2858 interim
1373 2831 1442 2853 non
1465 2819 1488 2852 Ιι
1498 2829 1522 2852 a
1531 2817 1551 2851 b
1562 2830 1581 2851 e
1590 2829 1620 2851 ο.
