1742 3094
165 236 198 274 X
735 235 1027 276 PRAEFATIO.

166 347 311 402 gaudio
326 347 599 403 persuaderer,
632 348 940 402 quotiescunque
965 346 1050 388 eius
1070 345 1302 401 scripturam
1320 346 1478 387 fimare
1497 345 1605 401 potui

168 439 346 467 meorum
362 426 548 467 librorum
569 426 817 477 auctoritate,
841 439 955 480 quam
976 439 1063 465 cum
1081 424 1284 466 meliorem
1305 424 1344 465 hi
1363 423 1603 466 obtulerunt:

169 505 272 557 quod
311 504 465 558 quidem
501 519 580 545 non
614 518 704 545 raro
738 506 883 546 factum
925 518 1013 545 esse
1043 503 1255 558 intelliges.
1324 501 1477 544 Eadem
1512 515 1608 556 erga

171 579 593 636 Schweighaeuser-im
625 582 750 637 pietas
775 582 998 638 prohibuit,
1042 597 1117 637 quo
1144 582 1272 623 minus
1298 582 1340 623 in
1364 581 1490 623 dubiis
1508 581 1608 623 locis

172 660 219 700 ab
240 674 288 700 eo
310 660 553 702 discederem
578 667 617 702 et
640 662 771 702 darem
795 675 919 716 aeque
938 661 1153 715 probabilia
1177 675 1250 702 nec
1274 667 1403 702 tamen
1422 660 1606 701 certiora.

172 736 348 792 Singulis
371 739 545 794 epistolis
570 754 656 781 cum
687 738 1067 794 Schweighaeusero
1085 739 1322 795 praescripsi
1343 737 1512 780 Seneca
1524 738 1610 780 Lu-

169 817 272 858 cilio
292 830 370 858 suo
388 818 585 869 salutem,
607 818 755 859 subieci
786 818 828 859 V
823 819 916 859 ale.-
945 818 1020 858 hoc
1040 818 1144 859 enim
1165 818 1208 858 in
1225 817 1336 858 libris
1351 817 1463 858 mstis
1485 817 1611 858 omni-

169 894 242 936 bus
280 896 440 950 (excipe
471 910 590 936 unum
626 895 683 949 T)
718 902 758 935 et
786 895 827 935 in
860 895 1063 949 impressis
1094 901 1186 935 ante
1215 893 1417 935 Muretum
1449 894 1609 949 legitur,

167 972 260 1013 illud
293 973 438 1015 habent
467 973 727 1027 antiquissimi
746 971 850 1027 BPp
866 970 948 1024 Sa,
982 972 1030 1013 ad
1060 985 1158 1026 quos
1193 971 1399 1026 aliquando
1421 973 1612 1014 accedunt

171 1049 209 1091 G
235 1058 275 1092 et
297 1050 384 1092 Erl.
445 1050 491 1092 In
515 1052 655 1093 iisdem
680 1051 791 1092 libris
816 1049 1098 1106 antiquissimis
1120 1049 1308 1105 epistolae
1333 1050 1508 1092 numeris
1531 1065 1611 1092 non

171 1128 377 1183 signantur
392 1147 402 1171 ε
417 1184 420 1187 ‚
436 1130 686 1184 quamobrem
710 1129 858 1170 rectius
882 1128 1127 1170 scribebatur
1153 1127 1377 1182 [Epistula
1396 1128 1467 1183 Ι.].
1527 1127 1610 1170 De-

120 1196 136 1294 s
173 1208 290 1261 nique
316 1207 543 1262 Epistulas
561 1208 656 1262 in*)
686 1208 806 1249 libros
837 1207 1071 1248 distribuere
1101 1221 1189 1248 sum
1219 1213 1406 1248 conatus:
1439 1213 1612 1248 attamen

115 1295 123 1374 ε

110 1395 118 1501 f

172 1299 260 1325 cum
288 1287 546 1328 vetustissimi
571 1287 683 1328 codd.
709 1285 784 1342 Pp,
817 1286 954 1341 quibus
979 1285 1191 1326 maximam
1215 1285 1329 1326 fidem
1350 1286 1492 1338 habeo,
1524 1293 1614 1342 post

115 1377 119 1394 ¹
172 1363 313 1405 librum
339 1363 455 1406 VIII.
480 1379 543 1420 me
571 1366 785 1406 deficerent
814 1378 886 1406 nec
920 1371 1012 1405 ante
1036 1359 1158 1406 XIV.
1188 1371 1466 1405 succurrerent
1487 1361 1610 1415 BSa,

171 1442 289 1482 malui
320 1457 405 1484 rem
432 1443 699 1498 imperfectam
723 1443 946 1497 relinquere
973 1456 1086 1496 quam
1119 1448 1270 1482 temere
1293 1441 1437 1496 aliquid
1465 1442 1610 1483 moliri.

171 1519 434 1561 Recentiores
468 1521 597 1571 enim,
643 1534 730 1561 cum
763 1519 935 1573 alioquin
967 1519 1236 1573 discreparent
1267 1518 1315 1558 ab
1343 1518 1539 1573 antiquis,
1571 1519 1614 1561 in

173 1597 388 1639 subsidium
429 1598 646 1640 advocandi
680 1612 760 1638 non
796 1597 1045 1639 videbantur.
1105 1594 1217 1637 Illam
1258 1603 1387 1637 autem
1424 1597 1612 1639 librorum

173 1674 462 1717 distinctionem
488 1676 536 1717 ab
559 1676 644 1731 ipso
670 1674 824 1718 Seneca
846 1689 936 1716 esse
960 1676 1101 1716 factam
1125 1688 1211 1714 cum
1238 1674 1453 1717 verisimile
1474 1682 1537 1717 est
1561 1689 1615 1717 ex

174 1754 456 1795 consuetudine
479 1754 748 1796 Romanorum
770 1752 1020 1809 (Ciceronis,
1051 1751 1194 1803 Plinii,
1229 1750 1499 1808 Symmachi),
1533 1760 1614 1795 tum

174 1833 287 1873 docet
320 1831 499 1884 Gellius,
543 1833 608 1887 qui
636 1832 711 1888 (N.
727 1832 782 1874 A.
805 1830 915 1883 XII,
950 1830 1014 1885 2.)
1047 1831 1180 1872 laudat
1198 1831 1352 1872 librum
1371 1832 1615 1873 vicesimum

172 1911 402 1952 secumdum
427 1910 727 1965 Epistolmucm
753 1910 1021 1960 Moralium,
1046 1916 1087 1950 et
1104 1909 1273 1965 probant
1299 1909 1389 1950 msti
1404 1940 1416 1961 ,
1449 1923 1612 1964 quorum

174 1988 239 2028 alii
264 2002 400 2030 omnes
423 1989 608 2043 epistolas
626 1989 668 2028 in
691 1989 812 2028 libros
834 1988 1032 2042 digerunt,
1065 1987 1131 2027 alii
1153 2000 1300 2041 paucos
1323 1994 1470 2028 tantum
1491 1987 1615 2028 libros

176 2066 387 2107 denotant:
420 2065 597 2120 quamvis
630 2079 708 2105 non
741 2065 871 2106 desint
898 2064 1079 2114 codices,
1120 2063 1161 2103 in
1187 2063 1326 2116 quibus
1356 2064 1462 2104 nulla
1493 2063 1614 2104 libro-

176 2157 262 2183 rum
281 2143 479 2183 distinctio
502 2142 736 2197 reperiatur.
797 2140 843 2183 Si
874 2155 1077 2182 numerum
1102 2140 1290 2180 librorum
1316 2139 1495 2194 quaeris,
1526 2138 1614 2181 XX

176 2220 538 2275 suntsuperstites,
567 2219 669 2274 quod
689 2226 848 2274 apparet
871 2232 925 2258 ex
941 2216 1044 2259 BSa
1055 2217 1109 2258 R:
1142 2216 1210 2271 **)
1222 2217 1353 2272 plures
1379 2218 1470 2259 olim
1491 2218 1614 2260 fuisse

177 2297 291 2338 docet
310 2297 420 2338 locus
445 2296 563 2339 Gellii
584 2298 698 2338 modo
717 2297 909 2338 laudatus.
972 2311 1060 2337 nam
1084 2309 1181 2349 quae
1206 2295 1272 2336 ille
1293 2309 1347 2336 ex
1378 2295 1479 2336 libro
1505 2295 1613 2338 vice-

271 2441 303 2484 *)
329 2442 380 2474 De
400 2441 463 2474 hac
482 2453 518 2474 re
541 2441 732 2474 doctissime
753 2441 934 2485 disputavit
954 2440 1143 2474 Ludovicus
1167 2441 1208 2473 de
1229 2442 1288 2473 Ian
1309 2440 1344 2472 in
1361 2439 1526 2484 Symbolis
1544 2451 1578 2484 p.
1590 2438 1614 2472 8

177 2519 250 2552 sqq.
277 2508 321 2540 cf.
346 2508 436 2541 Diar.
459 2508 541 2540 Litt.
567 2509 642 2541 Hal.
665 2520 693 2541 a.
718 2507 815 2541 1840.
839 2519 872 2540 n.
899 2505 973 2540 159.
998 2519 1032 2551 p.
1054 2506 1099 2540 53
1120 2519 1170 2551 sq.
1230 2507 1355 2540 Primus
1376 2507 1537 2540 librorum
1558 2506 1614 2538 ‹li-

178 2574 339 2607 visionem
358 2574 490 2608 sustulit
509 2576 659 2607 Muretus
673 2600 681 2616 ,
717 2575 773 2618 qui
796 2586 869 2606 eam
900 2575 1039 2619 antiqui
1074 2574 1208 2607 nullius
1237 2574 1371 2607 codicis
1402 2573 1614 2606 auctoritate

177 2653 222 2676 ac
243 2642 446 2675 testimonio
465 2642 536 2674 niti
554 2642 640 2674 male
662 2641 837 2674 contendit
857 2641 891 2673 iu
913 2640 1054 2673 Scholiis
1077 2641 1120 2673 ad
1143 2643 1220 2673 Seu.
1245 2641 1331 2685 Epp.
1353 2640 1399 2673 in.

268 2709 320 2751 **)
345 2709 438 2749 Quae
461 2720 549 2741 nunc
569 2709 720 2741 feruntur
743 2708 915 2752 epistolae,
940 2708 974 2740 in
996 2707 1061 2740 tria
1079 2707 1246 2740 volumina
1261 2706 1440 2750 antiquitus
1461 2705 1613 2738 solebant

180 2774 340 2817 distribui,
365 2782 402 2808 ut
422 2775 566 2820 primum
589 2775 776 2808 contineret
798 2776 860 2818 Ep.
881 2774 897 2807 l
910 2773 1033 2815 -52,
1057 2774 1238 2808 secundum
1259 2775 1318 2816 Ep.
1337 2770 1517 2814 ὃδὴ-88,
1540 2778 1613 2805 ter-
