1742 3094
188 178 273 224 328
623 178 689 221 'L.
720 179 925 220 ANNAEI.
948 178 1178 221 SENECAE
1217 200 1219 203 .

193 298 235 334 et
261 291 432 333 maxima
455 293 573 334 animi
595 293 696 334 mala
716 299 756 334 et
784 293 959 334 adfectus
990 293 1280 348 deposuerunt,
1320 293 1388 335 sed
1409 293 1465 335 ita
1485 301 1530 335 ut
1549 308 1628 336 non

194 351 246 401 sit
266 361 342 401 illis
366 362 588 403 securitatis
609 375 704 403 suae
727 368 834 402 certa
863 361 1063 416 possessio
1082 378 1092 402 ε
1123 369 1288 417 possunt
1309 362 1410 403 enim
1429 362 1470 403 in
1493 363 1629 403 eadem

193 428 332 469 relabi.
396 428 576 471 Tertium
595 430 687 470 illud
708 443 834 484 genus
855 436 968 470 extra
989 429 1108 470 multa
1126 436 1165 470 et
1187 443 1328 485 magna
1350 430 1443 471 uitia
1460 437 1535 481 est,
1559 430 1630 471 sed

193 510 273 538 non
310 504 424 538 extra
458 498 612 538 omnia:
658 497 796 552 effugit
834 497 1061 549 auaritiam,
1103 498 1172 538 sed
1201 498 1298 539 iram
1331 498 1454 539 adhuc
1493 497 1628 539 sentit.

192 563 270 605 iam
294 579 372 605 non
407 566 639 607 sollicitatur
672 565 856 617 libidine,
902 554 1123 606 etiamnunc
1159 565 1384 607 ambitione.
1446 566 1522 607 iam
1553 580 1632 607 non

193 633 459 688 concupiscit,
492 635 563 674 sed
585 634 709 674 adhuc
730 633 864 674 timet:
898 632 996 673 etin
1018 633 1104 688 ipso
1129 640 1232 674 metu
1250 635 1298 675 ad
1321 634 1510 689 quaedam
1534 633 1631 675 satis

195 699 332 742 firmus
353 708 435 753 est,
477 701 704 756 quibusdam
729 700 846 741 cedit.
907 707 1073 740 mortem
1098 701 1333 753 contemnit,
1375 702 1549 743 dolorem
1569 715 1632 742 re-

147 779 179 807 12
198 768 392 809 formidat.
453 767 516 810 De
539 770 612 810 hoc
634 769 721 810 loco
741 768 882 823 aliquid
905 768 1137 823 cogitemus.
1192 766 1302 810 Bene
1323 769 1524 810 nobiscum
1541 783 1634 825 age—

194 841 273 887 tur,
307 836 341 877 si
362 836 402 876 in
424 837 525 878 hunc
549 836 788 877 admittimur
812 850 1032 877 numerum.
1093 834 1240 891 Magna
1262 837 1447 878 felicitate
1470 844 1635 879 naturae

193 917 413 959 magnaque
435 912 474 946 et
502 905 661 946 adsidua
691 904 910 946 intentione
940 904 1057 945 studii
1089 905 1284 946 sccundus
1313 912 1527 960 occupatur
1547 918 1638 960 gra-'-

195 971 291 1013 dus:
335 973 402 1013 sed
435 987 484 1014 ne
510 973 572 1013 hic
599 973 754 1028 quidem
782 973 1090 1014 contemnendus
1117 979 1178 1013 est
1207 973 1317 1013 color
1338 973 1492 1013 tertius.
1556 970 1636 1014 Co-

195 1039 276 1093 gita
301 1048 485 1095 quantum
512 1041 618 1082 circa
636 1047 674 1081 te
697 1040 834 1081 uideas
854 1040 1043 1081 malorum
1058 1072 1069 1092 ,
1102 1040 1259 1095 adspice
1281 1055 1395 1095 quam
1418 1041 1562 1081 nullum
1585 1040 1637 1081 sit

195 1107 307 1148 nefas
327 1108 414 1149 sine
434 1109 631 1165 exemplo,
665 1115 850 1164 quantum
870 1107 1012 1148 cotidie
1034 1107 1205 1162 nequitia
1226 1108 1416 1163 proficiat,
1451 1116 1635 1164 quantum

196 1175 350 1229 publice
373 1177 632 1232 priuatimque
655 1183 866 1232 peccetur:
908 1176 1114 1230 intelleges
1136 1175 1232 1217 satis
1251 1190 1324 1217 nos
1347 1176 1561 1232 consequi,
1603 1177 1638 1218 si

147 1241 302 1285 winter
323 1244 516 1298 pessimos
539 1259 619 1285 non
642 1258 792 1285 sumus.
853 1242 942 1299 Ego
967 1257 1087 1296 uero,
1120 1243 1265 1298 inquis,
1297 1258 1414 1299 spero
1431 1258 1494 1285 me
1520 1258 1636 1300 posse

197 1316 237 1351 et
276 1311 474 1367 amplioris
505 1312 654 1354 ordinis
690 1312 791 1353 fieri.
854 1309 1083 1368 Optauerim
1112 1311 1186 1352 hoc
1216 1312 1330 1353 nobis
1368 1313 1492 1367 magis
1521 1327 1637 1368 quam

195 1379 458 1434 promiserim.
525 1379 810 1436 Praeoccupati
850 1393 1010 1421 sumus:
1056 1380 1106 1420 ad
1146 1379 1329 1421 uirtutem
1369 1381 1637 1422 contendimus

195 1446 301 1488 inter
329 1448 425 1489 uitia
455 1449 637 1490 districti.
700 1449 819 1503 pudet
853 1447 1009 1499 dicere,
1055 1447 1221 1489 honesta
1251 1448 1413 1490 colimus
1453 1456 1638 1504 quantum

197 1522 329 1557 uacat.
389 1515 447 1558 At
469 1532 580 1572 quam
607 1517 755 1572 grande
781 1515 994 1572 praemium
1023 1522 1249 1571 exspectat,
1292 1516 1327 1557 si
1363 1517 1639 1573 occupationes

197 1589 356 1624 nostras
379 1591 419 1625 et
441 1585 543 1625 mala
567 1584 818 1626 tenacissima
843 1583 1136 1638 abrumpimus?
1193 1583 1289 1624 Non
1312 1584 1500 1640 cupiditas
1515 1617 1526 1636 ,
1559 1598 1639 1625 uon

197 1649 316 1692 timor
345 1666 418 1693 nos
448 1653 606 1708 pelletz,
634 1651 814 1707 inagitati
847 1650 1087 1703 terroribus,
1132 1651 1347 1707 incorrupti
1378 1651 1638 1707 uoluptatibus

198 1732 272 1760 nec
293 1726 460 1761 mortem
484 1720 730 1762 horrebimus
756 1733 830 1760 nec
853 1719 973 1760 deos:
1016 1719 1187 1760 sciemus
1209 1726 1375 1760 mortem
1396 1719 1540 1760 malum
1560 1720 1640 1760 non

151 1797 183 1825 14
202 1801 291 1829 esse
306 1820 318 1840 ,
361 1789 456 1829 deos
479 1788 602 1830 malos
624 1802 704 1829 uon
728 1800 834 1829 esse.
897 1786 1002 1828 Tam
1023 1787 1245 1828 inbecillum
1266 1787 1367 1843 quod
1386 1795 1504 1829 nocet
1525 1802 1639 1843 quam

826 1879 898 1911 P=

823 1936 897 1957 r=

247 1877 301 1913 11.
327 1878 406 1918 G-{-
421 1891 536 1925 genus
559 1886 632 1912 est
656 1886 770 1912 extra.

201 1932 261 1956 ext
272 1936 290 1955 r
302 1936 326 1957 a
338 1937 357 1957 e
367 1937 401 1957 m
412 1937 436 1957 a
459 1925 571 1957 multa
584 1930 619 1957 et
629 1943 647 1949 -
665 1925 766 1957 vitia.

200 1969 331 2003 libidin
343 1983 362 2003 e
371 1983 400 2003 s.

944 1877 1152 1911 temnendus
1173 1877 1231 1910 hic
1254 1878 1408 1924 quidem.
1446 1878 1638 1915 wsG‘ztffl.

943 1925 1100 1959 -Ἧῖαε
1110 1923 1174 1956 sed
1196 1935 1275 1956 nec
1296 1923 1355 1956 hic
1374 1923 1524 1968 quidem.
1551 1922 1638 1956 Rell.

944 1981 977 2001 n.
994 1969 1017 2001 l.
1087 1976 1350 2014 w—-quantum
1370 1975 1448 2013 post
1467 1969 1603 2014 Cogita.

247 2016 450 2049 etiamnunc
461 2014 652 2048 ambitione
661 2030 706 2043 =
716 2015 790 2050 ΡΞ.
818 2017 896 2058 Arg.

201 2060 222 2092 b
238 2065 272 2099 ἦ-
295 2074 315 2094 e
323 2069 338 2094 t
371 2062 572 2094 etiamnunc
605 2061 806 2093 ambitione.
838 2061 899 2094 G'ls

205 2111 266 2145 -l-e
276 2114 291 2138 t
311 2108 514 2139 etiamnunc
526 2105 695 2138 ambitivn
707 2118 726 2138 e
735 2118 779 2138 m.
814 2105 899 2145 Qui—-

201 2151 279 2183 dam
311 2151 403 2184 Pinc.
427 2156 461 2190 -l-
487 2163 510 2183 a
521 2159 535 2183 t
570 2151 772 2183 etiamnunc
820 2162 900 2183 am·-

201 2195 344 2229 bitione.
391 2198 416 2227 B
434 2201 469 2235 -l-
486 2209 504 2229 s
516 2209 535 2227 e
547 2196 572 2228 d
593 2196 796 2228 etiamnunc
819 2208 899 2228 am-

202 2240 343 2274 bitione.
370 2241 429 2273 Rw
440 2241 505 2274 v.l.
517 2241 610 2273 Pinc.
626 2242 684 2273 Gr.
702 2245 736 2279 ,4-
754 2247 795 2272 et
817 2240 863 2284 [v.
874 2239 897 2272 l.

201 2287 294 2320 Pinc.
308 2305 354 2311 —
365 2286 414 2331 et]
428 2287 630 2319 etiamnunc
652 2285 799 2318 ambitio
808 2298 830 2317 n
839 2297 899 2318 em

202 2333 363 2365 sentit.
387 2332 603 2366 {it—23:⁶2
622 2342 740 2364 nunc
762 2331 899 2363 etiam

203 2377 350 2411 ambitio
360 2389 383 2409 n
395 2389 414 2409 e
423 2389 456 2409 m
493 2390 511 2409 s
522 2390 541 2409 e
551 2388 573 2409 n
585 2384 599 2409 t
609 2377 624 2408 i
633 2384 658 2409 t.
706 2388 723 2409 r
739 2380 774 2414 -l-
793 2376 900 2408 etiam

204 2436 223 2456 e
233 2432 246 2456 t
271 2434 364 2456 nunc
387 2422 556 2455 ambition
566 2435 584 2455 e
595 2434 629 2454 m
661 2433 679 2454 S
690 2433 740 2454 en
753 2421 823 2454 tit.
869 2422 900 2454 V

206 2468 277 2502 Col.
292 2466 366 2504 (51.
392 2473 427 2508 -Ι-
453 2468 537 2500 sed
569 2466 759 2500 tolerat
794 2467 840 2511 [V
855 2482 900 2495 =

203 2527 223 2547 c
234 2527 253 2547 o
265 2514 281 2547 l
289 2513 383 2559 erat]
410 2514 613 2546 etiamnunc
643 2511 815 2545 ambition
826 2525 845 2545 e
855 2525 899 2545 m.

205 2559 408 2598 (St-‘mn
425 2563 460 2599 -l-
477 2559 559 2593 sed
594 2558 737 2591 habet
770 2560 899 2591 etiam-

204 2617 229 2638 n
239 2617 262 2637 u
273 2617 307 2637 m
337 2604 510 2638 ambition
520 2617 539 2637 e
550 2616 594 2637 m.
628 2615 666 2648 pp
686 2615 720 2636 n.
742 2603 767 2636 l.
837 2604 901 2639 {ma

203 2665 249 2679 =
261 2651 353 2684 satis
366 2651 460 2694 firm
472 2662 495 2683 u
505 2662 539 2683 m
562 2657 626 2682 est.
661 2661 689 2681 w
699 2668 742 2673 --
753 2649 857 2682 satis.

249 2707 285 2730 νο
294 2710 340 2724 =
352 2707 375 2728 a
386 2696 411 2729 d
446 2709 468 2741 q
477 2708 500 2729 u
510 2707 534 2730 a
543 2695 653 2729 edam
679 2694 786 2727 cedit.
823 2694 904 2738 G(ci

202 2741 250 2787 n.)
261 2757 307 2770 =
316 2753 355 2774 ce
365 2754 385 2774 c
395 2742 409 2774 i
419 2742 486 2775 die.

253 2785 306 2820 12.
343 2786 406 2820 secl
432 2798 457 2820 n
467 2799 487 2819 e
511 2786 571 2820 hic
590 2785 730 2831 quidem
740 2800 786 2813 =
796 2785 903 2818 PGRr

205 2832 309 2876 Arg.b
321 2832 370 2868 Θ.
439 2833 527 2868 θῒ-
541 2832 575 2868 Q
587 2847 633 2861 =
646 2831 709 2866 sed
742 2843 785 2865 ne
816 2842 900 2864 con-

991 2015 1024 2050 6
1037 2029 1082 2042 =
1093 2014 1262 2059 [videas],
1287 2014 1363 2058 quia
1383 2013 1492 2046 abfuit
1511 2014 1551 2046 ab
1573 2013 1618 2046 Sb
1630 2026 1637 2045 τ

945 2059 1004 2092 sed
1022 2060 1105 2092 nihil
1125 2059 1298 2093 annotavit
1317 2059 1426 2091 Oberl.
1443 2084 1451 2099 ,
1477 2066 1511 2091 et
1531 2065 1640 2091 exstat

945 2105 1011 2138 hoc
1031 2105 1084 2138 vb.
1106 2104 1141 2136 iu
1163 2104 1313 2137 omnibus
1342 2104 1422 2135 meis
1444 2110 1478 2135 et
1501 2103 1572 2135 rell.
1587 2105 1637 2137 SS.

990 2150 1019 2181 R
1032 2149 1136 2193 (mm)
1159 2168 1202 2173 —
1215 2161 1320 2194 quam
1330 2149 1474 2181 nullum.
1532 2149 1639 2181 rGwB

944 2194 1070 2239 antiqq.
1084 2206 1120 2238 pp
1131 2195 1245 2229 θὶ-ΞΞ
1253 2210 1298 2222 =
1307 2194 1547 2240 privatimque
1553 2206 1640 2240 pec-

945 2253 965 2272 c
976 2252 998 2272 ιι
1009 2247 1080 2291 tur.
1296 2254 1342 2268 ==
1353 2240 1446 2272 inter
1465 2240 1640 2285 pessimos

946 2297 1016 2317 non
1039 2297 1057 2318 s
1066 2297 1077 2317 1
1091 2297 1124 2318 m
1135 2297 1157 2317 u
1166 2297 1194 2318 ε.

993 2328 1045 2363 13.
1083 2331 1111 2365 (³2
1127 2335 1156 2366 Ι.
1176 2349 1219 2354 --
1238 2331 1272 2367 ΕΞ
1291 2334 1325 2369 -1-
1344 2341 1425 2363 nos
1458 2338 1640 2376 exspectat

947 2381 1063 2416 contra
1087 2381 1203 2408 mstos.
1247 2388 1265 2409 ι·
1283 2387 1370 2408 recc-
1395 2386 1432 2419 ρρ
1451 2376 1640 2411 θί-ἕΒΞ

946 2429 1091 2466 expecta
1101 2433 1133 2452 m
1145 2433 1166 2453 u
1175 2433 1204 2455 S.
1272 2423 1298 2455 P
1309 2437 1355 2450 =
1367 2420 1465 2453 mala
1494 2429 1509 2454 t
1518 2434 1536 2454 e
1547 2434 1566 2454 c
1575 2421 1591 2453 ι’
1600 2434 1639 2454 s-

947 2467 1051 2499 sima.
1091 2466 1178 2498 unde
1200 2473 1310 2500 ortum
1331 2466 1427 2499 mala
1447 2479 1495 2499 ce
1505 2466 1548 2499 ci
1557 2478 1575 2499 s
1585 2466 1637 2498 si-

947 2524 1005 2545 ma
1029 2512 1150 2557 (caeo.)
1164 2527 1210 2541 =
1221 2513 1275 2556 Βμ
1297 2519 1332 2545 et
1350 2511 1448 2545 mala
1471 2521 1485 2545 t
1494 2520 1536 2544 et
1546 2524 1565 2543 r
1576 2513 1590 2543 i
1600 2523 1641 2543 s-

947 2557 1176 2591 sima=PL
1261 2557 1458 2590 G=mala
1490 2564 1639 2589 teter—

947 2604 1116 2636 tissima.
1183 2603 1247 2635 RG
1264 2602 1350 2648 (sm)
1366 2617 1412 2630 =
1424 2601 1530 2635 timor
1561 2601 1640 2646 pel—

948 2649 988 2682 li
999 2657 1024 2682 t.
1049 2648 1080 2683 Υ
1090 2664 1136 2677 =
1145 2649 1252 2681 timor
1274 2649 1289 2681 i
1297 2660 1330 2681 m
1337 2647 1458 2694 pellet.
1492 2659 1521 2679 w
1531 2662 1577 2675 =
1590 2647 1640 2679 ti-

949 2707 1024 2727 mor
1043 2691 1294 2740 percellet.
1363 2705 1380 2725 r
1395 2696 1429 2731 -l-
1448 2701 1490 2725 et
1515 2692 1641 2738 inagi-

947 2740 1019 2773 tati
1041 2742 1054 2773 i
1064 2752 1086 2772 n
1110 2738 1315 2772 terroribus.
1370 2742 1426 2777 r—l-
1443 2750 1467 2771 n
1478 2750 1525 2770 ec
1546 2738 1642 2771 scie-

947 2797 1036 2819 mus.
1065 2786 1094 2819 R
1109 2789 1144 2824 -Ι-
1160 2785 1310 2819 sciemus
1319 2796 1340 2829 q
1350 2795 1372 2815 u
1381 2796 1410 2816 e.
1481 2783 1642 2819 'Rs—deos

948 2831 1061 2865 malos
1084 2842 1154 2864 non
1171 2841 1257 2864 esse.
1292 2827 1430 2874 Coum)
1454 2828 1642 2873 RArgth.
