1742 3094
432 261 650 303 EPISTUL.
678 261 798 302 Μοῐι.
827 261 923 301 LIB.
944 261 1029 301 xv.
1060 261 1135 301 ΕΡ.
1159 266 1199 302 5.
1232 265 1330 309 (95.)
1504 259 1583 303 521

161 372 263 414 uiriz
304 380 506 429 postquam
530 373 634 415 docti
660 372 911 429 prodierunt,
956 371 1050 413 boni
1075 372 1230 413 desunt.
1290 370 1469 427 Simplex
1485 371 1590 413 euim

158 439 227 481 illa
245 446 286 481 et
306 447 440 498 aperta
461 441 587 483 uirtus
603 440 645 482 in
664 440 870 482 obscuram
895 446 935 481 et
954 439 1140 481 solertem
1163 439 1366 480 scientiam
1389 453 1508 481 uersa
1528 446 1591 481 est

159 506 419 563 docemurque
437 508 649 564 disputare,
680 522 759 549 non
778 508 931 550 uiuere.
990 505 1086 548 Fuit
1106 506 1193 548 sine
1214 506 1345 557 dubio,
1377 514 1420 547 ut
1441 507 1584 559 dicitis,
1607 524 1639 551 14

159 580 275 616 uetus
302 574 371 616 illa
386 574 576 631 sapientia
598 582 680 617 tum
709 575 881 617 maxime
901 588 1068 616 nascens
1088 574 1196 615 rudis
1225 588 1305 615 non
1322 574 1452 615 minus
1475 588 1589 629 quam

159 647 442 685 ceteraeartes
458 656 623 697 quarum
640 643 681 684 in
702 656 890 699 processu
908 642 1103 684 subtilitas
1121 641 1261 683 creuit.
1323 639 1404 683 Sed
1421 655 1472 682 ne
1492 656 1590 697 opus

157 707 312 763 quidem
343 710 477 751 adbuc
501 717 588 752 erat
617 710 801 752 remediis
839 709 1103 765 diligentibus.
1162 707 1348 750 Nondum
1373 709 1415 749 iu
1439 715 1589 750 tantum

157 775 329 830 nequitia
359 784 592 819 surrexerat
623 791 697 819 nec
723 784 801 819 tam
836 777 913 818 late
936 791 981 818 sc
1003 783 1227 832 sparserat:
1274 783 1454 831 poterant
1483 776 1590 818 uitiis

157 841 394 898 simplicibus
415 844 573 886 obstare
594 845 771 886 remedia
801 844 1005 901 simplicia.
1064 842 1183 885 Nunc
1204 856 1369 884 necesse
1393 850 1455 884 est
1480 850 1587 885 tanto

158 910 386 965 operosiora
406 924 496 953 esse
514 912 753 953 munimenta
775 918 919 967 quanto
941 911 1234 953 uehementiora
1251 917 1343 952 sunt
1361 910 1500 966 quibus
1522 925 1588 967 pe-

156 975 289 1019 timur.
346 976 546 1020 Medicina
564 980 756 1034 quondam
776 993 985 1035 paucarum
1002 979 1077 1020 fuit
1095 978 1261 1020 scientia
1277 978 1486 1019 herbarum
1502 978 1587 1033 qui·
1607 991 1639 1018 15

155 1043 231 1085 bus
250 1044 460 1094 sisteretur
481 1046 606 1087 fluens
627 1046 789 1102 sanguis
803 1078 816 1098 ‚
846 1046 1009 1087 uolnera
1030 1045 1208 1087 coirent:
1240 1045 1423 1100 paulatim
1450 1045 1590 1086 deinde

155 1109 198 1151 in
214 1110 315 1152 banc
343 1112 523 1167 peruenit
551 1119 629 1154 tam
655 1113 904 1169 multiplicem
935 1112 1182 1154 uarietatem.
1242 1110 1332 1153 Nec
1356 1118 1418 1154 est
1447 1112 1589 1154 mirum

155 1183 249 1219 tunc
271 1179 373 1221 illam
400 1180 529 1221 miuus
550 1180 698 1235 negotii
727 1180 908 1222 babuisse
928 1180 1050 1222 firmis
1070 1180 1194 1222 adbuc
1218 1180 1430 1234 solidisque
1451 1194 1590 1236 corpo-

155 1245 264 1287 ribus
288 1253 330 1287 et
350 1247 453 1288 facili
477 1247 564 1288 cibo
586 1261 659 1288 nec
683 1262 754 1303 per
777 1255 900 1289 artem
930 1248 1242 1302 uoluptatemque
1266 1254 1476 1303 corrupto:
1522 1247 1588 1302 qui

156 1319 358 1368 postquam
392 1314 521 1369 coepit
549 1329 628 1356 nou
649 1315 697 1356 ad
725 1315 930 1356 tollendam
947 1347 958 1366 ‚
1005 1316 1075 1356 sed
1104 1315 1151 1356 ad
1179 1314 1413 1355 inritandam
1445 1315 1587 1356 famem

157 1381 294 1434 quaeri
311 1388 352 1422 et
368 1381 554 1422 iuuentae
582 1388 673 1422 suut
697 1382 801 1423 mille
823 1382 1050 1423 conditurae
1073 1382 1211 1436 quibus
1241 1381 1406 1423 auiditas
1434 1382 1587 1423 excita·
1606 1393 1639 1422 ιο

154 1453 291 1500 retur,
336 1462 435 1503 quae
469 1448 779 1490 desiderantibus
809 1449 999 1490 alimenta·
1022 1456 1134 1490 erant
1166 1463 1287 1490 onera
1317 1455 1409 1489 suut
1442 1449 1584 1504 plenis.

154 1512 252 1556 Inde
276 1515 400 1570 pallor
417 1523 458 1557 et
476 1529 687 1558 neruorum
715 1517 808 1558 uino
831 1516 1068 1558 madentium
1097 1523 1245 1557 tremor
1266 1523 1306 1557 et
1329 1516 1589 1558 miserabilior

156 1595 211 1623 cx
231 1583 485 1624 cruditatibus
523 1597 636 1638 quam
655 1597 711 1624 ex
730 1585 834 1625 fame
861 1584 1022 1624 macies.
1080 1584 1172 1624 inde
1201 1583 1343 1624 incerti
1374 1583 1586 1624 labantium

153 1649 274 1705 pedes
296 1656 337 1691 ct
354 1663 509 1705 semper
523 1651 648 1705 qualis
665 1651 707 1692 in
724 1651 809 1706 ipsa
827 1650 1016 1692 ebrietate
1038 1651 1231 1692 titubatio.
1291 1651 1382 1692 inde
1402 1651 1443 1692 in
1465 1657 1587 1693 totam

154 1723 283 1758 cutem
306 1717 446 1759 bumor
467 1718 661 1759 admissus
678 1719 946 1773 distentusque
971 1725 1127 1769 uenter,
1157 1719 1247 1759 dum
1269 1718 1368 1759 male
1391 1719 1588 1760 adsuescit.

154 1784 241 1838 plus
261 1798 402 1840 capere
426 1799 539 1839 quam
560 1792 727 1840 poterat.
786 1786 876 1826 inde
895 1785 1070 1826 subfusio
1086 1785 1236 1826 luridae
1257 1785 1346 1826 bilis
1369 1792 1410 1826 et
1428 1786 1589 1827 decolor

156 1851 285 1892 uoltus
322 1852 510 1906 tabesque
530 1853 570 1892 in
599 1852 968 1906 seputrescentium
993 1859 1033 1893 et
1056 1852 1240 1893 retorridi
1276 1851 1385 1906 digiti
1415 1852 1587 1894 articulis

158 1917 494 1972 obrigescentibus
532 1932 819 1973 neruorumquc
852 1919 937 1959 sine
968 1933 1088 1960 sensu
1120 1919 1330 1959 iacentium
1362 1925 1496 1974 torpor
1521 1927 1596 1960 aut'

158 1985 353 2040 palpitatio
386 1986 630 2040 [corporum]
663 1986 750 2027 sine
771 1986 1062 2027 intermissione
1085 1986 1334 2027 uibrantium.
1395 1985 1498 2040 Quid
1521 2001 1587 2028 ca·
1604 2004 1637 2029 ιτ

157 2052 248 2107 pitis
280 2052 494 2108 uertigines
527 2053 681 2093 dicam?
724 2053 814 2107 quid
851 2053 1051 2094 oculorum
1080 2053 1307 2108 auriumque
1334 2060 1529 2095 tormenta
1548 2061 1589 2095 et

158 2120 311 2162 cerebri
341 2119 555 2161 aestuantis
577 2120 881 2162 uerminationes
902 2128 943 2162 et
962 2121 1092 2161 omnia
1114 2134 1184 2176 per
1200 2134 1300 2175 quae
1323 2135 1588 2162 exoneramur

201 2198 232 2232 1
246 2202 282 2237 -Ι-
295 2198 365 2231 illa
385 2199 523 2232 clara
545 2207 580 2232 ee
599 2207 736 2245 aperta.

203 2241 257 2276 14.
281 2244 411 2276 R—-uc
434 2244 570 2277 dicitis.

202 2296 296 2320 tum
318 2290 613 2322 maxime=mss.
681 2290 846 2325 Iffi—&

159 2347 205 2360 =
215 2344 235 2364 c
243 2345 266 2364 u
276 2344 310 2364 m
333 2345 494 2367 mantne.

228 2385 336 2410 uaneo
359 2389 382 2410 v
392 2379 442 2409 εΙι
453 2392 471 2410 e
480 2380 653 2412 mentiora
661 2395 709 2408 =
721 2380 775 2412 BR
786 2382 850 2424 αβε

160 2433 185 2465 η
243 2423 317 2466 πχψ
330 2433 383 2455 mr
392 2421 452 2454 P‘z.
464 2422 523 2456 1²3.
538 2424 650 2467 (s.m.).
713 2423 803 2456 GPl.
814 2424 847 2457 3.

163 2466 335 2510 (pm.)4.
359 2468 479 2502 'lt-ffl—
494 2469 528 2503 ῢ
549 2483 595 2496 =
618 2477 749 2513 quanto
773 2481 850 2501 να-

161 2512 179 2544 l
187 2523 206 2543 e
214 2522 239 2542 n
249 2511 356 2544 liora.
402 2523 419 2545 ο
428 2527 471 2540 =
480 2512 603 2556 quibus
621 2525 646 2557 p
655 2525 674 2544 r
685 2525 704 2545 e
712 2513 848 2546 mimur.

161 2567 180 2599 ρ
191 2570 238 2584 ==
248 2555 372 2600 quibus
396 2556 412 2589 i
418 2569 451 2588 m
459 2558 622 2602 petimur.
669 2569 689 2591 υ
703 2572 750 2586 =
769 2559 850 2602 qui-

159 2600 225 2634 bus
240 2601 467 2645 perimus.
513 2603 649 2637 91—ss
665 2617 711 2630 =
728 2602 851 2648 quibus

158 2657 187 2692 p
196 2657 220 2678 a
230 2647 349 2679 timur.

206 2688 260 2723 15.
287 2690 406 2735 G(soe)
421 2702 507 2734 κοτφ
518 2706 564 2720 =
576 2703 639 2724 nec
654 2703 719 2736 per
738 2701 850 2725 artem

161 2736 321 2779 voluptat
330 2749 349 2768 e
371 2745 544 2780 corrupto.
591 2737 621 2768 R
642 2751 689 2765 =
705 2747 768 2769 nec
784 2749 850 2782 per

162 2788 275 2812 artem
316 2792 339 2812 n
351 2793 395 2813 ec
427 2782 640 2825 voluptatem
677 2790 850 2827 corrupto.

164 2824 197 2856 G
208 2825 294 2868 (sm)
315 2837 418 2858 noun.
441 2837 479 2868 ρρ
500 2825 559 2859 Pl.
571 2825 605 2859 3.
618 2824 652 2858 4.
671 2841 718 2854 =
740 2839 785 2872 qu
796 2827 850 2860 od

158 2877 344 2915 postquam
366 2871 490 2916 coepit.
524 2869 583 2904 P2.
595 2889 638 2895 —-
651 2871 722 2916 qui.
768 2872 850 2907 1—

164 2922 199 2947 et
220 2920 298 2947 ante
320 2915 497 2949 inventae.

938 2198 992 2232 16.
1016 2200 1046 2232 R
1063 2204 1099 2237 -l-
1116 2199 1209 2232 Inde
1231 2206 1275 2232 et
1294 2199 1426 2245 pallor.
1475 2200 1535 2232 GR
1548 2211 1586 2243 ρρ

894 2246 978 2289 (exc.
989 2257 1013 2290 χ
1028 2245 1081 2287 ω)
1095 2245 1160 2280 ’Σίῦὶ
1176 2263 1221 2269 -
1240 2246 1274 2280 (5
1295 2260 1343 2273 =
1361 2244 1421 2277 lab
1431 2257 1451 2277 e
1461 2245 1585 2277 mium.

891 2290 1139 2323 R=liridae
1163 2288 1258 2323 bilis.
1305 2290 1337 2322 G
1355 2305 1399 2320 =
1422 2290 1587 2322 viride

893 2335 987 2370 bilis.
1038 2347 1064 2369 π
1088 2339 1123 2373 -l-
1149 2337 1426 2380 putrescentium
1467 2335 1492 2367 d
1503 2347 1523 2367 e
1533 2347 1587 2367 n-

894 2389 910 2413 t
919 2382 935 2413 i
943 2393 965 2413 u
978 2393 1022 2413 m.
1069 2381 1098 2415 X
1111 2394 1156 2408 =
1166 2388 1182 2412 t
1191 2392 1216 2411 a
1225 2380 1246 2412 b
1259 2381 1460 2413 esc-entium.

939 2425 1148 2457 retorridi
1166 2440 1214 2453 =
1230 2427 1302 2457 BSa
1325 2426 1373 2460 Ε.
1446 2425 1506 2456 GR
1522 2424 1587 2458 Χθὶ

893 2488 940 2495 -
957 2471 1022 2504 {mu
1040 2485 1087 2499 =
1107 2471 1281 2504 retorti.
1339 2471 1371 2502 G
1395 2474 1430 2508 -l-
1455 2480 1586 2501 nervo-

895 2527 995 2560 rumq
1003 2527 1026 2547 u
1036 2528 1067 2547 e.

932 2561 1128 2612 palpitatio
1168 2571 1281 2605 corp
1294 2570 1422 2591 orum
1442 2573 1488 2586 =
1508 2569 1586 2590 mss.

895 2612 996 2637 etiam
1014 2606 1073 2638 Gr.
1084 2607 1133 2636 Ss-
1144 2605 1209 2638 181
1222 2623 1263 2629 —-
1276 2605 1367 2638 OEfflu
1377 2604 1467 2638 -Ε
1482 2604 1530 2647 (ῢ
1540 2617 1587 2631 =

896 2649 1107 2694 [corporum]
1131 2648 1220 2691 quod
1244 2647 1390 2679 imitatus
1408 2648 1505 2690 sum).
1541 2648 1587 2682 Ἡ

893 2696 1016 2732 -fflb
1036 2713 1080 2720 --
1101 2704 1294 2738 corporum.
1342 2694 1405 2723 Sw.
1428 2692 1510 2725 dicit
1529 2703 1587 2724 re-

897 2738 979 2773 ctius
1012 2751 1048 2771 se
1081 2739 1168 2770 hanc
1207 2748 1324 2769 vocem
1362 2737 1587 2780 ablegat-uum

896 2783 1015 2815 fuisse:
1051 2794 1127 2815 nam
1150 2793 1190 2813 ex
1210 2781 1484 2825 praecedentibus
1503 2793 1587 2825 sup-

894 2827 978 2871 pleri
1000 2838 1197 2860 nervorum.

941 2870 995 2905 17.
1022 2869 1275 2904 G=cerebra
1291 2871 1503 2904 aestuantis.
1524 2869 1586 2948 ἒ

895 2914 930 2949 3.
942 2915 975 2950 4.
1001 2916 1071 2949 Col.
1087 2918 1121 2952 6
1139 2931 1185 2944 =
1206 2928 1258 2949 ex
1269 2915 1480 2948 aestuantis.
