1742 3094
177 230 260 274 522
634 232 677 271 L.
708 230 904 271 ANNAEI
936 232 1165 272 SENECAE

176 344 341 385 internis
365 343 562 385 ulceribus
585 344 764 385 adfecta?
808 340 1104 385 innumerabilia
1125 351 1328 400 praeterea
1354 345 1517 386 febrium
1542 359 1611 401 gea

177 426 271 453 nera
286 443 297 463 ‚
344 412 506 453 aliarum
537 412 669 466 inpetu
693 412 951 453 saeuientium
968 443 979 463 ‚
1025 412 1187 453 aliarum
1211 413 1315 454 tenui
1338 419 1447 469 peste
1473 427 1611 469 repen·

179 481 300 532 tium,
347 480 510 521 aliarum
541 494 627 521 cum
662 479 825 521 horrore
849 488 888 521 et
918 481 1035 522 multa
1066 481 1326 522 membrorum
1363 481 1611 535 quassatione

130 558 160 585 18
178 549 445 590 uenientium?
503 546 606 601 Quid
628 547 726 588 alios
748 549 915 588 referam
938 547 1242 590 innumerabiles
1263 548 1437 600 morbos,
1470 548 1613 603 suppli·

176 617 237 658 cia
259 617 465 658 luxuriae?
523 613 710 656 Inmunes
735 622 846 656 erant
871 615 918 655 ab
944 615 1031 657 istis
1053 615 1165 657 malis
1194 617 1259 671 qui
1287 617 1456 658 nondum
1479 630 1525 658 se
1545 617 1611 657 dea

176 685 274 726 liciis
300 685 527 734 soluerant‚
574 683 639 737 qui
660 683 734 723 sibi
755 682 1021 738 imperabant,
1067 683 1141 724 sibi
1163 683 1450 725 ministrabant.
1510 681 1612 725 Cor-

175 767 270 808 pora
293 766 410 807 opere
433 765 481 792 ac
505 765 602 792 uero
623 751 757 792 labore
787 750 979 791 durabant
1011 759 1079 792 aut
1103 765 1220 792 cursu
1241 752 1437 807 defatigati
1458 758 1526 793 aut
1543 765 1612 793 ue-

176 827 268 861 natu
290 828 356 860 aut
375 819 513 860 tellure
535 826 705 860 uersata.
767 814 1003 874 Exeipiebat
1022 819 1110 860 illos
1130 819 1239 860 cibus
1259 819 1323 874 qui
1343 818 1419 860 nisi
1436 819 1613 860 esurien-

175 889 276 930 tibus
317 889 471 943 placere
500 901 577 928 non
613 893 760 942 posset.
821 884 957 941 Itaque
991 887 1084 928 nihil
1114 901 1211 943 opus
1240 894 1322 929 erat
1358 895 1436 928 tam
1473 901 1614 942 magna

176 957 415 998 medicorum
461 955 701 1011 supellectile
743 968 816 996 nec
846 962 904 995 tot
947 955 1194 996 ferramentis
1233 962 1348 1010 atque
1386 954 1611 1011 pyxidibus.

130 1034 162 1061 ¹9
182 1024 360 1081 Simplex
381 1031 466 1065 erat
490 1037 543 1064 ex
570 1037 689 1064 causa
719 1023 883 1077 simplici
907 1023 1103 1064 ualitudo:
1151 1023 1293 1064 multos
1317 1023 1475 1064 morbos
1497 1023 1616 1063 multa

178 1093 322 1134 fercula
347 1093 540 1133 fecerunt.
602 1089 701 1132 Uide
727 1097 910 1145 quantum
938 1104 1067 1131 rerum
1090 1105 1160 1146 per
1183 1105 1299 1132 unam
1320 1091 1450 1146 gulam
1471 1089 1615 1131 transi-

175 1169 349 1203 turarum
370 1159 605 1216 permisceat
628 1158 800 1210 luxuria,
833 1165 1024 1199 terrarum
1043 1158 1241 1213 marisque
1261 1158 1471 1199 uastati-ix.
1529 1156 1615 1198 Ne·

176 1243 290 1271 cesse
321 1234 383 1269 est
411 1228 541 1282 itaque
574 1227 679 1268 inter
700 1241 743 1268 se
767 1233 844 1267 tam
875 1226 1031 1267 diuersa
1062 1226 1272 1267 dissideant
1294 1233 1335 1266 et
1353 1226 1491 1267 hausta
1514 1225 1615 1266 male

176 1297 403 1352 digerantur
427 1295 514 1336 aliis
535 1294 612 1335 alio
646 1294 874 1335 nitentibus.
935 1292 1023 1334 Nec
1046 1294 1184 1334 mirum
1201 1325 1212 1345 ‚
1257 1294 1358 1348 quod
1387 1293 1615 1334 inconstans

177 1365 387 1419 uariusque
411 1377 462 1404 ex
485 1362 653 1403 discordi
674 1362 761 1403 cibo
786 1362 945 1403 morbus
966 1369 1027 1402 est
1048 1369 1089 1402 et
1105 1362 1170 1402 illa
1194 1375 1247 1403 ex
1270 1362 1480 1403 contrariis
1505 1368 1616 1403 natu-

126 1447 247 1475 ¹.›0rae
276 1432 448 1489 partibus
482 1431 523 1472 in
548 1431 726 1472 eumdem
761 1430 947 1486 conpulsa
983 1430 1216 1471 redundant.
1276 1427 1373 1470 Inde
1398 1437 1483 1470 tam⁴
1510 1428 1615 1470 nullo

176 1508 424 1556 aegrotamus
452 1513 598 1554 genere
625 1512 737 1553 quam
762 1498 944 1539 uiuimus.
1005 1496 1208 1539 Maximus
1231 1498 1296 1538 ille
1317 1497 1554 1538 medicorum
1577 1503 1616 1536 et

177 1570 290 1610 liuius
305 1567 493 1609 scientiae
510 1566 690 1606 conditor
706 1565 881 1621 seminis
899 1580 978 1607 nec
999 1567 1187 1620 capillos
1206 1565 1397 1621 defluere
1420 1564 1522 1606 dixit
1537 1577 1616 1606 nec

172 1637 308 1692 pedes
328 1635 549 1676 laborare.
594 1633 715 1687 Atqui
737 1640 776 1674 et
793 1633 941 1688 capillis
957 1634 1220 1674 destituuntur
1239 1640 1277 1673 et
1293 1632 1453 1687 pedibus
1471 1645 1613 1686 aegrae

178 1712 284 1747 sunt.
344 1702 439 1744 Non
463 1708 608 1742 mutata
629 1701 859 1742 feminarum
881 1707 1042 1751 natura,
1087 1700 1155 1741 sed
1178 1699 1255 1740 uita
1282 1706 1368 1740 est:
1415 1714 1504 1740 nam
1526 1713 1612 1740 cum

178 1772 351 1814 uirorum
387 1769 585 1812 licentiam
615 1769 897 1823 aequauerint‚
944 1782 1149 1824 corporum
1185 1780 1338 1822 quoque
1367 1766 1534 1808 uirilium
1554 1767 1613 1807 iu—

178 1895 278 1920 ==et
303 1885 515 1919 extuantis.
562 1884 652 1919 {R—
676 1884 720 1918 {m
739 1898 786 1911 =
807 1883 877 1915 im-

177 1941 260 1979 petu
286 1930 596 1964 subeuntium.
654 1929 688 1964 θὶ
708 1946 754 1954 -
776 1930 809 1964 ,³13
831 1944 877 1957 ==

926 1883 981 1927 (ad
1003 1881 1141 1915 Dalech.
1166 1883 1228 1926 Ep.
1251 1879 1323 1924 30.)
1348 1881 1387 1913 ci.
1405 1885 1438 1920 -ξ-
1456 1881 1494 1912 ιή
1525 1891 1614 1912 eun—

923 1931 1002 1960 dem
1026 1928 1172 1960 locum
1196 1926 1249 1960 vel
1274 1934 1485 1959 ventrem
1519 1934 1614 1958 com—

180 1979 278 2012 tenui
299 1985 399 2023 peste
419 1983 542 2021 repent
552 1975 567 2007 i
577 1985 599 2006 n
611 1986 646 2007 a.
673 1974 705 2006 G
715 1989 761 2003 =
774 1987 793 2006 c
804 1987 826 2006 a
837 1986 875 2006 s-

178 2025 330 2057 satione.
376 2023 405 2054 R
425 2020 716 2066 =quassatione
741 2032 762 2053 ν
773 2033 791 2052 e
802 2020 825 2052 lz
837 2032 876 2051 e-

180 2083 213 2102 m
223 2070 367 2101 entium.
416 2068 441 2099 B
457 2068 514 2111 (cr.
524 2066 575 2110 ω)
601 2080 645 2092 =
665 2078 783 2110 qua-ss.
810 2077 831 2097 ν
843 2066 877 2097 i—

182 2123 356 2159 vennam.

226 2167 278 2202 18.
314 2169 343 2200 R
372 2169 443 2200 fere
484 2179 598 2200 omnes
630 2178 666 2209 ρρ
700 2167 788 2199 Pinc.
823 2177 873 2198 ex.

178 2213 346 2247 Francisc.
364 2220 398 2245 et
413 2212 575 2244 familiare
588 2227 633 2239 =
645 2210 829 2257 defatigat
839 2223 872 2244 a.

225 2279 287 2303 aut
312 2270 501 2302 tellure
525 2276 687 2300 versata
706 2283 751 2296 Ξ
770 2269 874 2303 Ίίᾶῖ.

178 2317 280 2350 -ῢ,
342 2314 403 2346 BG
416 2311 519 2346 P1.3.
531 2311 563 2345 4.
578 2314 666 2348 {R—
680 2314 743 2350 (ΞΑ.
757 2320 875 2344 =aut

179 2361 367 2394 tollere
402 2358 643 2391 versantia.
689 2357 718 2389 R
745 2372 789 2385 =
812 2364 875 2389 aut

180 2406 307 2439 tellure
342 2416 446 2437 versa
461 2415 482 2435 n
495 2411 510 2435 t
522 2403 536 2435 i
547 2415 581 2434 a.
642 2414 679 2445 ρρ
699 2402 789 2434 Pinc.
822 2413 872 2434 ex.

180 2451 344 2484 Francisc.
369 2456 403 2482 et
422 2448 526 2480 famil.
543 2463 588 2476 =
600 2455 662 2480 aut
694 2448 801 2480 tellur
813 2460 831 2479 e
842 2458 876 2479 m

181 2509 288 2530 versa
299 2508 320 2528 n
332 2504 345 2528 t
355 2496 369 2528 i
378 2507 411 2529 a.
460 2493 580 2537 G(sm)
596 2508 641 2520 =
653 2494 794 2525 esurien
805 2494 853 2525 ti.

226 2564 296 2586 non
314 2558 469 2598 posset
479 2565 524 2579 =
534 2562 611 2582 mss.
626 2550 708 2593 (exc.
722 2549 755 2592 α)
769 2550 847 2584 ἩΘ.

181 2599 250 2634 affl
263 2617 305 2622 —
319 2599 382 2632 ⁵)Jta
393 2611 437 2624 =
450 2607 519 2628 non
539 2603 601 2641 pot
612 2606 691 2628 era
703 2603 728 2627 t.
757 2594 872 2638 B(s<x>)

179 2659 224 2672 =
230 2643 432 2688 ferrament
442 2653 475 2674 u.

227 2696 279 2732 19.
304 2699 340 2734 {R
358 2699 447 2732 ——23
460 2696 658 2742 -fercula.
684 2697 816 2731 {ll—>B
837 2701 870 2734 -l-

180 2753 381 2789 terrarumq
393 2756 415 2775 u
429 2755 458 2776 e.
496 2741 615 2787 G(soe)
630 2757 676 2770 =
689 2749 723 2773 et
740 2753 761 2772 a
774 2752 796 2773 n
805 2753 876 2786 gu-

180 2797 239 2823 sta
272 2789 365 2822 male
405 2788 630 2834 digerantur.
679 2787 705 2818 13
720 2785 805 2830 (soe)

179 2836 272 2880 quod
296 2835 378 2868 inst
391 2845 458 2866 ans
488 2834 690 2879 variusque.
735 2830 794 2865 P3.
812 2831 872 2874 (n.)

185 2885 219 2919 -l-
237 2888 271 2913 et
295 2892 345 2913 ea·
369 2879 437 2911 illa
457 2892 499 2911 ex
519 2877 723 2912 contrariis.
758 2877 872 2920 Steph.

921 1974 1036 2018 pulsa.

966 2040 1021 2074 20.
1048 2040 1164 2084 Steph.
1187 2040 1273 2084 (Li.)
1297 2039 1336 2072 ci.
1355 2044 1389 2078 -l-
1410 2048 1484 2072 tam
1519 2038 1616 2071 nullo

922 2099 945 2119 n
959 2100 979 2120 ο
991 2098 1013 2118 n
1047 2094 1284 2132 aegrotamus.
1330 2083 1398 2118 P4.
1419 2100 1463 2113 =
1483 2096 1527 2116 ae
1554 2096 1615 2116 ro—

922 2141 1038 2165 tamus
1061 2143 1164 2176 quam
1198 2131 1288 2162 min
1300 2131 1315 2162 i
1327 2142 1360 2162 m
1371 2142 1393 2162 u
1406 2141 1434 2162 s.
1484 2130 1514 2160 G
1538 2129 1612 2171 sm)

920 2193 966 2206 =
990 2189 1008 2208 e
1020 2177 1067 2208 iu
1079 2188 1097 2208 s
1109 2188 1141 2207 m
1152 2188 1172 2207 υ
1182 2176 1207 2208 d
1218 2176 1232 2206 i
1255 2175 1437 2207 scientiae.
1489 2173 1558 2205 Col.
1579 2174 1615 2208 θὶ

920 2241 965 2247 -
991 2223 1054 2257 (ξι.
1082 2225 1117 2259 —f-
1145 2221 1250 2252 huius
1259 2231 1292 2252 m
1305 2220 1359 2252 od
1372 2221 1387 2252 i
1431 2219 1612 2251 scienciae.

920 2268 985 2310 γδζ
1000 2271 1033 2304 -†-
1045 2267 1156 2311 pedes
1184 2264 1349 2297 laborare
1371 2277 1397 2310 p
1410 2276 1430 2296 ο
1441 2264 1466 2296 d
1475 2276 1497 2296 a
1507 2276 1534 2309 g
1545 2276 1564 2296 r
1576 2276 1610 2296 a.

920 2313 948 2346 21
961 2329 1002 2336 —
1016 2320 1049 2343 et
1069 2317 1145 2343 ante
1167 2310 1322 2355 capillis.

966 2378 1075 2423 Atqui
1093 2386 1126 2410 et
1149 2377 1294 2423 capillis
1315 2392 1362 2406 =
1380 2389 1457 2409 mss.
1481 2377 1564 2421 (exc.
1578 2377 1611 2421 σ)

921 2424 1018 2456 etiam
1042 2424 1099 2455 Gr.
1123 2424 1188 2458 'Isffl
1205 2441 1250 2447 --
1269 2424 1352 2459 ΞΕ.
1422 2432 1443 2456 σ
1456 2426 1490 2461 -1-
1505 2423 1616 2468 Atqui

921 2481 1044 2501 nunc
1077 2476 1111 2500 et
1146 2468 1268 2500 illae
1291 2467 1445 2513 capillis.
1492 2469 1613 2505 9831.

920 2530 965 2543 =
979 2515 1085 2559 Atqui
1110 2526 1128 2546 e
1140 2522 1154 2546 t
1166 2515 1210 2546 ia
1221 2525 1255 2546 m
1277 2513 1431 2558 capillis.
1481 2513 1558 2548 (ΞΘ.
1574 2518 1608 2552 -l-

921 2562 1031 2605 Atqui
1055 2560 1145 2591 iam
1167 2567 1201 2591 et
1221 2558 1366 2604 capillis
1390 2567 1429 2590 ex
1439 2556 1531 2591 Pinc.
1545 2557 1611 2600 ing.

922 2606 1054 2640 ffi-z'
1072 2609 1104 2642 -l—
1123 2617 1141 2636 e
1153 2612 1167 2636 t
1191 2615 1325 2649 aegrae
1347 2610 1440 2635 sunt.
1485 2602 1612 2636 BGRH

922 2661 1023 2684 nonn.
1050 2649 1105 2682 alii
1119 2660 1156 2692 ρρ
1175 2650 1210 2684 {R
1230 2668 1269 2673 --
1296 2649 1328 2683 Β
1352 2662 1396 2676 =
1418 2646 1482 2680 sed
1503 2649 1614 2679 victa

922 2703 985 2727 est.
1032 2696 1088 2728 ms
1099 2709 1145 2722 ==
1155 2694 1337 2726 licentiam
1358 2704 1445 2738 aequ
1457 2704 1478 2725 a
1489 2705 1508 2724 r
1519 2704 1541 2724 u
1553 2703 1576 2723 n
1585 2701 1610 2725 t.

920 2741 949 2773 R
959 2755 1004 2768 =
1016 2739 1198 2772 licentiam
1220 2751 1263 2771 ae
1287 2749 1395 2770 naver
1405 2749 1427 2768 a
1438 2746 1487 2770 nt.
1527 2738 1558 2770 G
1568 2751 1612 2764 =

920 2781 1441 2873 an222525‘'}2²(am)¹i1{';„ss3
1456 2795 1510 2853 τε
1519 2795 1612 2860 zzz:

920 2887 1041 2921 porum
1063 2886 1195 2920 quoque
1207 2892 1252 2898 —
1266 2874 1499 2919 pervigilant.
