1742 3094
177 163 261 208 394

178 280 343 336 primum
375 294 424 321 ne
453 280 526 321 sim
557 294 618 322 me
650 295 727 322 uno
769 287 991 322 contentus.

644 167 689 207 L.
718 166 917 207 ΑΝΝΑΕΙ
948 167 1178 208 SENECAE

1053 282 1193 323 deinde
1226 289 1292 333 ut,
1338 297 1426 324 eum
1455 283 1504 324 ab
1533 284 1620 325 aliis

180 348 359 403 quaesita
390 362 615 403 cognouere
631 380 642 400 ‚
690 355 768 390 tum
795 356 835 389 et
857 349 905 389 de
934 349 1104 390 inuentis
1126 350 1293 391 iudicem
1315 358 1356 392 et
1378 351 1546 406 cogitem
1572 353 1619 393 de

185 417 448 458 inuenieudis.

150 493 167 518 '²
186 485 314 526 studio
340 491 468 526 tamen
483 516 494 536 ‚
538 484 678 526 reficit.

508 416 594 457 Alit
613 417 730 458 lectio
749 417 946 471 ingenium
971 423 1010 458 et
1031 418 1158 459 studio
1183 418 1401 473 fatigatum,
1435 434 1513 460 non
1534 420 1619 461 sine

738 483 827 525 Nee
851 485 1026 526 seribere
1050 492 1201 526 tantum
1226 500 1299 527 nee
1320 493 1468 527 tantum
1489 488 1621 542 legere

183 554 394 594 debemus:
429 553 552 594 altera
570 567 636 594 res
655 553 916 603 contristabit,
949 553 1056 594 uires
1078 554 1286 595 exhauriet
1303 555 1370 610 (de
1389 554 1479 595 stilo
1492 544 1619 608 dico),

183 621 308 662 altera
342 621 470 662 soluet
497 635 542 661 ao
566 620 701 661 diluet.

184 764 246 798 est
274 757 385 798 stilus
415 756 569 810 redigat
587 755 628 796 in
653 770 812 811 eorpus.

763 619 939 660 Inuioem
971 620 1046 660 huc
1071 628 1112 661 et
1134 621 1201 662 illo
1233 623 1526 664 commeandum
1561 630 1624 677 est

183 697 224 730 et
251 690 416 730 alterum
438 689 563 729 altero
599 688 890 742 temperandum
905 719 917 738 ‚

951 695 992 728 ut
1021 688 1201 742 quiequid
1222 689 1391 731 lectione
1418 690 1623 732 collectum

873 753 983 810 Apes
997 786 1009 806 ‚
1042 762 1086 796 ut
1109 755 1243 806 aiunt,
1275 756 1460 798 debemus
1481 757 1625 799 imitari

183 839 283 880 quae
302 831 495 879 ungantur
516 831 556 865 et
577 823 696 865 flores
715 823 762 864 ad
784 823 862 864 mel
883 822 1102 864 faciendum
1124 823 1288 865 idoneos
1306 817 1485 880 carpunt,
1517 826 1626 867 dein-

184 893 232 933 de
269 892 450 947 quicquid
482 892 658 933 adtulere
696 892 906 948 disponunt
937 906 983 932 ae
1016 905 1087 946 per
1122 892 1236 952 fanos
1269 892 1450 947 digerunt
1473 900 1542 945 et,
1585 899 1629 934 ut

184 959 384 1015 Uergilius
405 967 542 1002 noster
563 960 617 1002 ait
630 992 642 1012 ‚

871 1029 1080 1083 liquentia
1108 1029 1239 1070 mella

357 1097 536 1151 Stipant
565 1101 606 1137 et
635 1096 753 1137 dulci
782 1096 1030 1137 distendunt
1058 1101 1237 1138 nectare
1265 1097 1413 1139 cellas.

157 1165 254 1207 3De
282 1165 358 1206 inis
389 1180 467 1206 non
497 1164 592 1205 satis
629 1171 783 1205 constat
821 1170 950 1204 utrum
993 1178 1152 1204 succum
1191 1178 1246 1205 ex
1283 1164 1442 1206 floribus
1485 1164 1629 1205 ducant

191 1234 254 1288 qui
276 1233 453 1289 protinus
474 1233 551 1273 mel
566 1232 632 1284 sit⁷
658 1245 707 1272 an
723 1244 822 1286 quae
842 1232 1085 1286 collegerunt
1103 1232 1143 1272 in
1163 1231 1265 1272 hunc
1285 1246 1465 1287 saporem
1483 1232 1628 1272 mixtu-

188 1316 234 1342 ra
255 1302 417 1356 quadam
439 1307 478 1342 et
497 1299 735 1356 proprietate
768 1299 928 1354 spiritus
950 1299 1011 1340 sui
1031 1306 1196 1340 mutent.

1259 1298 1500 1353 Quibusdam
1525 1299 1629 1340 enim

190 1370 317 1425 placet
338 1384 418 1410 non
452 1368 619 1410 faciendi
652 1367 780 1409 mellis
816 1367 1020 1409 seientiam
1046 1381 1135 1408 esse
1157 1366 1260 1419 illis,
1307 1368 1376 1409 sed
1402 1367 1625 1422 colligendi.

190 1436 317 1479 Aiunt
338 1436 506 1478 inueniri
532 1436 632 1492 apud
653 1434 773 1476 Indos
797 1436 873 1476 mel
894 1435 933 1476 in
958 1435 1190 1476 arundinum
1223 1435 1326 1477 foliis
1349 1436 1450 1490 quod
1474 1442 1543 1476 aut
1562 1449 1629 1476 ros

190 1505 295 1546 illius
319 1505 419 1546 coeli
444 1511 512 1553 aut
528 1503 651 1559 ipsius
679 1503 879 1544 arundinis
903 1503 1043 1544 humor
1067 1504 1189 1557 dulcis
1214 1511 1255 1544 et
1273 1504 1456 1559 pinguior
1475 1502 1626 1558 gignet.

159 1576 176 1604 4
194 1573 235 1613 in
255 1573 400 1614 nostris
422 1586 576 1627 quoque
599 1571 731 1611 herbis
752 1571 828 1611 uim
853 1572 1026 1611 eamdem
1043 1602 1054 1621 ‚
1086 1572 1155 1612 sed
1175 1571 1302 1612 miuus
1327 1571 1572 1612 manifestam
1589 1577 1630 1612 et

194 1641 405 1683 notabilem
437 1640 527 1695 poni
555 1653 669 1694 quam
700 1646 960 1694 prosequatur
980 1645 1020 1679 et
1040 1639 1246 1679 contrahat
1279 1639 1423 1680 animal
1456 1638 1544 1679 huie
1570 1637 1630 1678 rei

193 1778 300 1811 exi-st.
334 1789 436 1810 neces
439 1788 501 1809 sar
514 1777 528 1809 i
539 1776 563 1808 i.
633 1773 692 1808 P4.
705 1791 752 1803 =
767 1786 890 1807 neces-

193 1836 256 1857 sat
266 1825 281 1855 i
289 1835 323 1855 a.
393 1823 521 1865 rGAig.
524 1822 546 1854 b
561 1817 620 1853 P4.
634 1822 784 1873 -J—-prim
795 1833 815 1853 ο
849 1832 893 1852 ne

193 1870 274 1902 sim.
324 1868 395 1900 Col.
419 1883 466 1896 Ξ
487 1868 650 1913 priori
675 1879 720 1899 ne
743 1879 823 1899 sim.

195 1916 355 1947 P=ne
387 1914 608 1947 simeuno.
678 1911 822 1945 GP1.3.
848 1927 894 1939 Ξ

195 1969 244 1993 ta
258 1971 355 1992 men
392 1968 427 1991 et
462 1959 507 1991 de
542 1958 711 1991 intentis.
768 1958 827 1989 Rw
848 1973 894 1985 Ξ

197 2014 269 2038 tum
293 2018 311 2037 e
323 2013 335 2037 ι
348 2008 434 2037 iam
458 2005 503 2037 de
525 2004 694 2036 inventis.
718 2015 790 2035 r=
801 2015 850 2035 cu
861 2016 894 2035 m

196 2052 242 2084 de
265 2051 433 2084 inventis.
479 2051 508 2085 ’ὶί
525 2065 571 2077 =
593 2061 690 2082 cum
713 2057 747 2081 et
770 2049 814 2080 de
833 2050 893 2081 in-

196 2097 326 2129 ventis.

241 2141 275 2173 2.
299 2142 397 2173 Recc.
412 2152 449 2183 ρρ
462 2157 507 2168 Ξ
520 2149 639 2172 tamen
650 2163 660 2180 ‚
686 2139 796 2182 refici
805 2146 820 2170 t
829 2151 851 2170 u
862 2151 891 2170 r.

243 2186 470 2218 contristabit
483 2211 492 2227 ‚
518 2186 617 2218 vire-5·
641 2184 828 2216 exhauriet
848 2199 894 2211 =

197 2232 326 2266 §It—Q.
395 2232 518 2267 (510—
532 2231 566 2265 ἕ
582 2235 616 2268 -i-
632 2237 675 2261 et
703 2231 800 2261 vires
829 2241 893 2260 ex-

199 2277 302 2309 haur.
356 2276 437 2307 Mss.
457 2276 485 2310 ’Σί
512 2279 547 2313 -ff-
574 2283 686 2307 contr.
721 2274 818 2306 vires
847 2286 866 2305 e
878 2281 893 2305 t

199 2321 398 2354 exhauriet·
451 2321 521 2357 ffil.
536 2339 579 2343 —
591 2320 655 2353 ⁵)Jln
665 2333 711 2346 =
723 2330 742 2350 c
754 2329 803 2350 on
816 2326 830 2350 t
841 2330 893 2350 ra

200 2379 218 2400 s
227 2376 241 2399 t
250 2379 272 2398 a
283 2365 302 2397 b
315 2366 351 2397 it
375 2377 394 2397 e
404 2373 419 2397 t
442 2365 541 2397 vires
553 2364 631 2396 exh.
645 2370 761 2396 contra
776 2370 891 2395 matos.

247 2409 347 2444 GPl.
360 2409 394 2444 3.
408 2411 440 2443 4.
459 2425 506 2438 =
526 2410 571 2442 de
596 2409 680 2441 stilo
712 2409 818 2454 loqu
831 2420 892 2441 or.

200 2469 282 2490 w—
295 2456 385 2488 dico.
453 2457 533 2488 ΡΞ
544 2455 657 2488 solvet
678 2466 722 2486 ac
744 2454 768 2486 d
779 2467 798 2486 e
809 2454 892 2486 luet.

199 2515 285 2535 w—
239 2518 284 2524 -
295 2515 314 2534 e
325 2509 340 2534 t
362 2501 486 2535 diluet.

246 2548 302 2581 ltu
313 2560 333 2579 c
366 2555 399 2579 et
430 2546 494 2579 illo
525 2546 796 2578 commeandum.
843 2546 895 2576 Ita

200 2593 316 2637 scripsi
350 2598 467 2625 contra
496 2591 649 2629 codices,
693 2590 748 2633 qui
781 2601 895 2622 omnes

200 2639 325 2671 habent
351 2638 438 2670 hoc.-
470 2636 531 2670 sed
558 2634 747 2679 saepissime
770 2646 847 2667 mss.
873 2646 896 2666 ιι

202 2684 237 2716 in
261 2695 281 2715 ο
312 2689 462 2724 mutant,
501 2688 540 2714 ut
562 2680 713 2724 exempla
743 2680 896 2724 proferre

201 2728 446 2772 supersedeam.
491 2727 534 2760 sP
548 2726 655 2759 Ger
665 2725 898 2769 αγδζηὸικμνο

205 2785 266 2808 ow
286 2775 365 2817 Ops.
388 2772 470 2807 Pan.
489 2772 582 2805 Pine.
604 2781 718 2804 omnes
743 2770 817 2803 cod.
831 2772 895 2802 lur.

202 2819 465 2856 wengiu—Q
489 2817 562 2861 (sed
583 2815 830 2859 §numm—ea)
853 2832 897 2844 =

939 1775 990 1807 Ιιο
1001 1787 1020 1807 ι’
1043 1784 1078 1807 et
1098 1775 1162 1808 illo
1182 1776 1445 1808 commeandum
1461 1783 1527 1807 est.
1553 1775 1632 1807 P=

939 1822 962 1854 Ιι
974 1834 994 1853 o
1004 1834 1023 1853 c
1046 1829 1080 1852 et
1109 1821 1173 1853 illo
1198 1832 1308 1854 comm
1318 1834 1338 1853 e
1348 1833 1371 1852 n
1381 1821 1405 1852 d
1414 1821 1545 1852 andum
1566 1826 1631 1852 est.

939 1868 1002 1899 mG
1015 1866 1118 1909 Arg.b
1129 1867 1188 1898 P4.
1203 1866 1304 1910 (s.m.)
1331 1865 1402 1898 Col.
1415 1866 1450 1900 {R
1517 1866 1551 1899 §B
1563 1866 1630 1902 ΕΩ.

940 1932 983 1938 --
995 1914 1064 1949 ffil.
1076 1927 1122 1940 =
1136 1911 1159 1943 Ιι
1170 1924 1220 1942 οι.-
1243 1920 1276 1944 et
1299 1912 1364 1944 illo
1388 1917 1633 1943 commutan-

940 1959 1024 1990 dum
1046 1966 1112 1990 est.
1145 1959 1235 1995 (52.
1248 1958 1368 1994 —ffih
1383 1975 1426 1981 —
1437 1956 1498 1998 et.)
1546 1956 1575 1987 R
1586 1970 1633 1983 =

941 2003 1021 2035 hoc
1043 2003 1087 2035 et'
1099 2003 1187 2035 illu
1198 2003 1223 2034 d
1243 2014 1384 2034 commu
1395 2002 1550 2034 tandum
1568 2009 1634 2033 est.

939 2048 1049 2081 Maior
1068 2059 1143 2091 pars
1163 2047 1254 2079 Piuc.
1274 2062 1320 2076 =
1338 2047 1490 2079 alterum
1519 2046 1633 2078 altero

940 2106 960 2125 r
969 2105 1019 2137 ep
1029 2105 1051 2124 a
1063 2092 1228 2125 randum.
1295 2104 1325 2125 w
1336 2093 1396 2136 (cr.
1410 2091 1463 2134 ω)
1474 2106 1520 2119 Ξ
1530 2091 1630 2136 quic-

939 2138 1026 2184 quid
1046 2150 1068 2170 a
1080 2137 1100 2169 b
1110 2150 1128 2170 s
1138 2138 1261 2169 tulere.

983 2204 1016 2238 3.
1042 2205 1069 2236 R
1091 2221 1136 2232 Ξ
1155 2206 1210 2236 De
1231 2205 1323 2237 illo
1346 2216 1414 2236 non
1439 2205 1541 2239 sacis.

983 2250 1082 2281 Recc.
1098 2261 1135 2293 ρρ
1149 2261 1251 2282 noun.
1262 2251 1352 2285 ffi—
1363 2251 1453 2285 Q-
1407 2273 1454 2278 —-
1467 2247 1539 2282 mel
1554 2248 1633 2293 fit.

984 2295 1069 2327 R=
1082 2307 1172 2340 quae
1204 2295 1340 2340 college
1356 2308 1375 2327 r
1388 2308 1411 2328 α
1427 2307 1449 2327 n
1468 2303 1483 2327 t
1518 2296 1556 2327 in
1588 2307 1633 2327 ιι-

941 2352 1054 2374 num.
1106 2340 1135 2374 2(
1154 2355 1198 2367 =
1222 2340 1484 2393 collegerint.
1541 2340 1634 2375 θὶ-

940 2386 973 2421 Q
986 2394 1260 2430 :proprietate
1275 2387 1332 2418 sui
1353 2399 1400 2431 ep
1412 2397 1477 2418 eci
1488 2398 1507 2417 e
1516 2396 1535 2417 s
1555 2396 1633 2418 mu—

941 2439 1027 2463 tent.
1075 2430 1133 2463 P‘Z.
1151 2447 1196 2459 Ξ
1209 2430 1426 2474 Quibusdam
1452 2438 1467 2462 t
1477 2442 1501 2462 a
1511 2441 1533 2462 n
1545 2438 1589 2462 tu
1601 2441 1635 2461 m

936 2477 1068 2522 placet.
1116 2474 1521 2520 steph.(1²rood.11‚3.)
1537 2475 1576 2508 ei.
1588 2490 1634 2502 =

942 2521 1160 2564 Quibusdam
1195 2530 1321 2554 tame
1335 2533 1359 2553 n
1399 2527 1434 2553 et
1460 2524 1494 2559 -1-
1523 2520 1634 2554 Aiunt

942 2580 961 2599 e
970 2579 993 2599 n
1003 2567 1017 2599 i
1026 2579 1068 2600 m.
1124 2567 1223 2599 Recc.
1235 2577 1383 2609 ppnonn.
1393 2581 1438 2594 =
1448 2564 1635 2598 scientiam

941 2613 956 2646 i
967 2624 990 2644 n
1001 2625 1089 2645 esse.
1157 2612 1286 2644 Rrw=
1297 2611 1313 2643 ι’
1321 2623 1371 2656 ps
1382 2612 1396 2644 i
1404 2623 1427 2643 u
1436 2622 1455 2644 s
1478 2608 1578 2642 coeli·

986 2658 1105 2700 PrArg.
1107 2657 1187 2689 b=
1141 2657 1264 2703 =gig
1274 2657 1322 2689 ni
1331 2664 1356 2690 t.

986 2721 1020 2758 4.
1054 2726 1146 2760 §Ji—-
1156 2725 1190 2760 Q
1210 2728 1244 2763 -ί-
1271 2731 1440 2769 sequatur
1481 2731 1527 2755 et
1558 2734 1635 2767 po-

943 2779 1036 2803 nat.
1100 2771 1131 2803 R
1149 2785 1195 2798 Ξ
1214 2777 1249 2802 et
1277 2768 1455 2815 colligat
1485 2768 1635 2801 animal.

942 2817 1029 2849 ΡΞ
1046 2824 1081 2849 et
1114 2823 1286 2848 contra
1319 2823 1367 2847 ut
1397 2814 1546 2847 animal.
