1742 3094
159 190 240 234 702
613 194 657 234 L.
688 194 886 236 ANNAEI
915 197 1145 239 SENECAE

156 318 332 361 opusque
364 304 465 346 facili
496 305 608 347 uoltu
627 320 674 347 ac
699 321 818 349 manu
847 317 1053 351 commeat.
1116 309 1186 352 Sic
1214 311 1359 354 animal
1377 312 1419 355 in
1440 328 1595 357 omnem

155 387 269 415 usum
300 373 362 415 sui
390 373 550 414 mobile.
619 372 762 415 Mirari
790 376 963 418 solemus
1000 378 1167 419 saltandi
1204 380 1376 435 peritos,
1423 382 1524 436 quod
1552 382 1594 424 in

156 455 310 482 omnem
347 441 671 496 significationem
706 456 837 484 rerum
869 451 907 485 et
937 445 1155 487 adfectuum
1184 454 1321 502 parata
1347 448 1504 491 illorum
1532 455 1595 491 est

155 523 294 550 manus
317 515 358 550 et
381 509 590 550 uerborum
623 509 872 551 uelocitatem
903 518 1038 566 gestus
1067 514 1308 569 adsequitur.
1370 515 1486 570 Quod
1515 516 1592 559 illis

122 591 138 616 τ
156 590 221 617 ars
241 583 414 632 praestat
433 576 492 618 his
513 583 668 620 natura.
727 576 859 618 Nemo
879 592 998 633 aegre
1018 580 1176 622 molitur
1195 589 1304 623 artus
1324 596 1444 635 suos,
1475 596 1592 626 nemo

152 644 191 685 in
221 658 296 686 usu
324 644 387 685 sui
415 644 558 686 haesit.
618 645 666 685 ad
697 644 772 685 hoc
801 645 904 686 edita
944 647 1122 701 protinus
1162 649 1322 691 faciunt.
1392 664 1480 693 eum
1518 650 1590 692 hae

150 712 315 753 seientia
339 711 558 767 prodeunt,
603 711 782 753 instituta
803 720 1033 755 naseuntur.
1094 713 1217 767 Ideo,
1261 716 1412 771 inquit,
1456 725 1590 772 partes

150 793 242 820 suas
264 779 444 820 animalia
464 785 554 834 apte
578 786 765 831 mouent,
811 780 899 834 quia
913 812 924 832 ‚
968 781 1003 822 si
1024 781 1140 823 aliter
1161 782 1384 835 innuerint,
1415 784 1590 827 dolorem

147 861 316 888 sensura
342 853 448 888 suut.
508 844 594 897 Ita,
638 853 682 888 ut
703 861 776 889 uos
808 847 961 900 dicitis,
1008 856 1201 904 eoguntur
1229 857 1434 906 metusque
1455 852 1521 894 illa
1545 852 1586 895 iu

146 922 323 966 rectum,
369 928 449 955 non
474 914 657 955 uoluntas
683 922 843 956 mouet:
890 916 990 970 quod
1015 922 1076 957 est
1101 917 1257 960 falsum.
1318 917 1451 960 Tarda
1483 919 1588 963 euim

146 989 239 1024 sunt
279 995 378 1037 quae
417 981 655 1023 necessitate
691 982 954 1038 inpelluntur:
998 984 1154 1038 agilitas
1192 993 1331 1041 sponte
1360 986 1476 1028 motis
1506 993 1583 1029 est.

112 1063 130 1090 8
147 1048 262 1091 Adeo
288 1056 417 1091 autem
442 1063 520 1090 non
543 1049 665 1103 adigit
683 1049 750 1091 illa
770 1050 816 1091 ad
839 1050 912 1091 hoc
936 1051 1081 1093 doloris
1108 1051 1226 1094 timor
1243 1060 1287 1094 ut
1306 1053 1348 1094 in
1370 1054 1586 1097 naturalem

143 1125 290 1159 motum
322 1117 438 1158 etiam
463 1116 692 1172 prohibente
717 1117 852 1158 dolore
879 1117 1068 1160 nitantur.
1132 1117 1202 1161 Sic
1225 1119 1353 1161 infans
1382 1120 1445 1175 qui
1475 1127 1584 1163 sture

142 1185 351 1227 meditatur
370 1191 411 1226 et
432 1185 537 1225 ferre
559 1197 604 1226 se
629 1184 850 1236 adsuescit,
895 1185 1010 1226 simul
1031 1192 1219 1241 temptare
1241 1187 1348 1229 uires
1373 1202 1465 1230 suas
1479 1202 1584 1238 eoe-

141 1252 221 1308 pit,
267 1252 369 1293 eadit
390 1258 431 1293 et
455 1265 542 1293 oum
572 1251 664 1293 fletu
689 1251 832 1293 totiens
862 1252 1060 1308 resurgit,
1104 1253 1228 1295 donee
1248 1268 1294 1296 se
1313 1268 1384 1310 per
1407 1255 1581 1300 dolorem

141 1321 189 1361 ad
213 1320 253 1361 id
273 1320 374 1375 quod
398 1325 539 1360 natura
564 1319 690 1374 poscit
711 1319 907 1361 exercuit.
966 1319 1163 1363 Animalia
1183 1322 1368 1376 quaedam
1391 1322 1494 1378 tergi
1511 1323 1582 1365 du-

139 1387 259 1429 rioris
278 1387 439 1428 inuersa
458 1386 603 1428 tamdiu
620 1399 664 1427 se
686 1393 871 1441 torquent
886 1401 932 1428 ac
955 1388 1074 1442 pedes
1095 1396 1286 1432 exserunt
1307 1396 1346 1431 et
1367 1389 1580 1445 obliquant,

108 1467 125 1495 9
142 1455 267 1499 donee
292 1455 340 1496 ad
371 1454 499 1495 locum
526 1460 783 1509 reponantur.
842 1453 1004 1496 Nullum
1034 1462 1270 1498 tormentum
1300 1457 1422 1498 sentit
1443 1458 1588 1514 supina

138 1523 325 1567 testudo:
370 1521 544 1577 inquieta
569 1528 631 1563 est
652 1528 782 1565 tamen
812 1522 1008 1564 desiderio
1029 1524 1218 1567 naturalis
1240 1531 1366 1567 status
1393 1538 1468 1568 nee
1488 1531 1580 1569 ante

139 1629 185 1642 =
198 1621 233 1646 et
254 1613 350 1646 inter
372 1625 391 1646 c
401 1625 423 1645 u
434 1624 520 1645 ram.
560 1612 594 1647 m
607 1627 653 1640 =
663 1623 750 1657 opus
770 1624 834 1645 om.

138 1671 215 1738 Ξαε.
265 1659 325 1691 GR
337 1670 375 1702 pp
388 1659 452 1692 ὶίθὶ
465 1677 509 1682 -
520 1657 759 1702 Q=fizcila
805 1658 836 1690 R

139 1751 166 1781 S
170 1701 458 1793 eflifforghsslgg
465 1702 509 1779 tri:
512 1701 613 1780 016AE
617 1703 662 1780 ἰδέ
666 1701 835 1780 ἳη[Ριι23α-ιι-ι

138 1795 198 1827 sui
216 1794 324 1826 mahil
332 1807 351 1826 e
362 1806 395 1828 m
419 1793 548 1827 mirari
564 1793 726 1826 solemus.
773 1793 835 1827 ΠΒ

140 1852 159 1873 υ
170 1838 228 1872 Pl.
250 1840 285 1874 θὶ
296 1858 340 1864 —
354 1840 417 1876 (551.
431 1853 477 1866 =
490 1838 550 1870 Sic
570 1839 693 1871 anima
704 1838 740 1870 li
758 1850 780 1870 n
793 1850 834 1870 o-

138 1897 172 1917 m
184 1898 203 1917 e
212 1896 235 1917 n
259 1896 360 1916 usum
388 1885 446 1916 sui
468 1883 576 1916 mabil
583 1897 601 1916 e
613 1895 645 1915 m
669 1895 714 1915 m.
741 1895 770 1914 s.
817 1893 834 1917 ε

137 1949 179 1956 ·-
191 1942 337 1962 omnem.
383 1930 410 1961 B
431 1943 478 1957 =
497 1929 605 1962 mobil
612 1928 643 1962 ἒ.
691 1928 776 1960 Reli.
795 1939 832 1971 pp

136 1990 181 2003 =
193 1975 380 2008 mobilem.
426 1975 485 2007 P4.
508 1987 558 2006 ω.

181 2032 200 2053 ⁸
211 2033 233 2053 α
244 2021 282 2053 lt
291 2032 313 2051 a
323 2031 346 2052 n
357 2019 406 2051 di
436 2021 574 2064 peritos
594 2034 639 2047 =
665 2019 769 2051 Gron.
789 2017 829 2050 ci.

134 2066 191 2101 ffiu
205 2083 244 2090 -
260 2067 307 2101 Θ.
365 2075 388 2109 χ
403 2068 438 2103 -1-
454 2065 643 2097 satiant
667 2064 833 2096 saltandi

130 2110 279 2156 peritos,
326 2109 473 2143 Turneb.
495 2109 615 2153 (Advv.
638 2109 756 2148 XXX,
779 2107 828 2151 3.)

136 2155 176 2187 ci.
197 2170 245 2183 =
267 2155 416 2188 saltatio
426 2166 449 2186 n
461 2155 475 2186 i
485 2167 503 2187 s
533 2154 681 2200 peritos.
730 2154 829 2190 mOEL

135 2202 200 2237 62.
214 2217 256 2224 -
274 2202 343 2237 981.
365 2215 410 2228 =
429 2212 447 2231 s
458 2211 536 2231 cen
547 2212 568 2231 a
580 2212 599 2232 e
617 2199 756 2244 peritos
788 2209 829 2230 ex

135 2244 175 2277 ci.
197 2243 296 2278 Ermi.
343 2244 626 2289 ΒΟΖΠβγὲοτυφ
647 2255 728 2275 unus
751 2242 826 2274 cod.

132 2289 269 2324 Ermiffi
281 2291 398 2326 —GJL
415 2290 657 2322 =satiant
675 2288 825 2332 peritos.

131 2335 161 2366 R
170 2349 217 2362 =
232 2346 251 2366 ³
261 2346 283 2366 a
294 2345 313 2365 c
322 2334 367 2366 ia
379 2342 392 2365 t
411 2335 560 2379 peritos.
608 2334 662 2365 ιλπ
675 2333 733 2363 Gr.
753 2331 824 2363 rell.

131 2378 223 2412 Ermi
244 2379 273 2413 Ἰ(
293 2393 339 2406 =
362 2387 435 2411 sat
447 2379 518 2411 iat
539 2377 689 2423 peritos.
735 2387 758 2418 η
781 2390 826 2403 =

131 2431 311 2457 sanant
349 2424 498 2468 peritos.
558 2432 574 2455 ε
595 2436 639 2449 =
664 2421 827 2453 sciant

126 2470 275 2515 peritos.
300 2467 390 2511 quod
411 2466 547 2512 propius
561 2465 690 2498 accedit
705 2465 747 2497 ad
760 2467 826 2497 Er-

128 2513 175 2546 mi
186 2513 394 2557 scripturam.
419 2524 442 2557 χ
454 2514 494 2556 (ψ
506 2511 537 2554 ’2)
550 2522 682 2544 =sen
696 2511 826 2543 tiant

123 2561 273 2604 peritos.
293 2558 567 2592 x=saciant
590 2564 741 2588 autem
756 2567 824 2601 pe—

130 2605 230 2637 ritos.
280 2613 301 2637 σ
310 2618 356 2631 =
367 2616 384 2636 s
395 2603 410 2635 i
418 2615 436 2634 c
446 2614 469 2634 ιι
478 2610 493 2634 t
513 2601 659 2647 peritos.

174 2660 292 2682 rerum
325 2656 359 2680 et
391 2660 413 2680 a
424 2646 612 2691 dsectuum
634 2661 678 2674 =
701 2645 761 2677 BG
786 2656 823 2687 pp

128 2695 191 2726 Suc
211 2695 274 2728 ’ΚΒ
286 2712 326 2718 -
341 2693 410 2728 ΘΞ
436 2691 497 2736 (sic
517 2697 607 2723 oei-te
627 2691 653 2723 B
674 2692 727 2731 Sa,
751 2689 823 2722 rell.

127 2736 242 2784 affl).
287 2736 585 2781 ffi=affbctum.
611 2736 745 2771 Rfflt—
758 2735 824 2769 3))ἰα

194 2781 424 2827 effectuum.
471 2781 703 2825 γδζηῇκστφψ
723 2780 759 2815 {R
777 2794 822 2808 =

125 2827 310 2862 verborum
323 2827 385 2873 fa
393 2839 413 2860 c
421 2827 465 2860 iti
467 2834 587 2860 tatem.

928 1611 960 1646 7.
987 1612 1061 1656 Ζδη
1073 1613 1159 1648 ffl—
1176 1615 1251 1651 &2
1275 1630 1321 1643 =
1342 1623 1460 1648 actus
1480 1626 1574 1649 enoc.

882 1656 940 1690 Pl.
965 1673 1010 1686 =
1032 1671 1190 1704 egere*
1208 1669 1329 1704 uptus
1351 1672 1444 1694 suos.
1489 1660 1575 1704 ω

883 1702 982 1734 etiam
1017 1703 1105 1736 Pinc.
1142 1704 1200 1735 Gr.
1223 1717 1271 1736 ω.
1320 1706 1349 1739 2(
1370 1719 1415 1733 =
1437 1705 1477 1737 in
1509 1703 1576 1739 m

881 1760 922 1780 su
933 1760 963 1780 0.
1009 1749 1104 1782 Βαὲῖτ
1113 1763 1160 1776 =
1174 1761 1262 1782 uase
1271 1762 1290 1781 e
1300 1757 1394 1782 ntur.

926 1802 1084 1826 movent
1103 1809 1150 1825 ττ-
1169 1795 1226 1826 BR
1240 1794 1512 1840 ΖΠαβγδίικλστ
1533 1794 1574 1838 (8,-

878 1837 936 1880 m.)
950 1840 999 1882 χῴ
1012 1840 1074 1871 Sac
1085 1839 1164 1874 X&-
1226 1839 1256 1871 G
1266 1840 1300 1874 {R
1311 1857 1358 1863 -
1370 1839 1488 1873 ⁵)Rn=
1500 1851 1576 1872 11ιο-

880 1882 942 1915 veb
953 1895 975 1915 ιι
985 1892 1034 1915 nt.
1081 1884 1110 1916 R
1120 1899 1166 1912 =
1176 1896 1198 1929 q
1208 1896 1229 1916 u
1239 1897 1259 1917 o
1269 1885 1294 1916 d
1317 1884 1425 1916 aliter
1454 1896 1576 1917 move-

879 1929 964 1960 rint.
1011 1928 1055 1960 sR
1067 1930 1098 1962 ιλ
1117 1944 1163 1957 =
1182 1929 1300 1974 quod
1324 1930 1359 1961 si
1387 1929 1497 1961 aliter
1526 1941 1571 1962 m.

878 1975 962 2008 Qt=
976 1986 1028 2018 qu
1040 1986 1061 2006 a
1073 1975 1115 2006 si
1139 1974 1247 2007 aliter
1267 1987 1312 2007 m.
1336 1975 1574 2017 ησφψπιίο-

877 2018 988 2051 lorem
1017 2027 1095 2051 sent
1107 2021 1122 2051 i
1132 2032 1152 2052 u
1165 2031 1186 2050 n
1198 2028 1222 2053 t.
1269 2019 1296 2051 R
1308 2034 1352 2047 =
1362 2031 1395 2050 m
1406 2030 1425 2052 o
1434 2027 1569 2066 tueque.

877 2075 896 2096 υ
907 2079 952 2091 =
965 2066 1178 2097 necessitate
1199 2077 1223 2109 p
1234 2077 1253 2096 e
1262 2063 1419 2097 llantur.

922 2122 940 2141 s
965 2118 1024 2141 ont
1036 2122 1055 2141 e
1076 2118 1146 2142 mot
1158 2111 1199 2142 is
1226 2118 1334 2142 est=
1344 2111 1368 2141 B
1380 2110 1423 2140 Sa
1433 2109 1479 2144 &-

877 2154 906 2185 G
947 2155 1254 2198 αγδεζηῖκὸστυχῲ
1265 2156 1307 2187 Sc
1316 2155 1379 2189 2191
1399 2168 1446 2181 =
1467 2165 1570 2200 spon-

874 2207 910 2230 te
936 2207 1006 2231 mot
1014 2211 1037 2231 u
1048 2211 1066 2230 S
1089 2207 1152 2231 est.
1193 2199 1221 2230 R
1231 2200 1264 2232 ὃ
1275 2217 1323 2223 -
1333 2199 1451 2233 fflln=
1460 2210 1569 2244 epon-

874 2252 1041 2275 taneus
1065 2252 1196 2276 motus
1218 2251 1282 2275 est.

917 2286 950 2319 8.
987 2298 1139 2320 ε--ηοη
1175 2288 1285 2333 agit
1308 2286 1386 2320 illa.
1435 2286 1568 2332 Zo<p==

872 2332 887 2363 i
896 2343 915 2363 r
924 2344 943 2363 e
966 2333 1170 2364 meditatur.
1220 2334 1287 2375 γδη
1300 2347 1345 2359 =
1356 2333 1380 2364 d
1390 2344 1412 2364 a
1423 2345 1463 2365 re
1492 2345 1568 2366 me-

872 2377 1021 2409 ditatur.
1045 2389 1106 2411 οπτ
1117 2377 1216 2420 (am.)
1235 2381 1267 2415 -l-
1284 2378 1393 2409 simul
1410 2385 1456 2409 ut
1476 2386 1568 2410 tem-

866 2430 985 2466 ptare.
1040 2423 1066 2454 B
1086 2437 1132 2450 =
1154 2434 1282 2467 resur-g
1291 2430 1347 2455 at.
1403 2423 1429 2454 B
1441 2422 1567 2457 Παθστ

873 2471 932 2510 (cr.
941 2466 993 2510 ω)
1006 2478 1053 2510 υφ
1065 2468 1098 2502 {R
1113 2479 1252 2513 :pose
1261 2475 1314 2499 et.
1362 2467 1390 2508 ψ
1404 2482 1450 2495 =
1461 2479 1566 2501 exer-

870 2520 987 2544 ceat.
1047 2513 1114 2547 σθῖ
1135 2528 1180 2540 =
1201 2511 1360 2545 durioris
1400 2513 1437 2544 in
1482 2523 1566 2544 usu

869 2557 1017 2590 tamdiu.
1064 2569 1089 2591 π
1100 2573 1145 2586 ---
1157 2570 1180 2590 u
1189 2569 1212 2589 n
1222 2558 1238 2590 i
1248 2569 1352 2589 versa
1373 2556 1525 2591 tamdiu.

915 2599 947 2634 9.
988 2603 1097 2648 supin
1109 2615 1132 2637 a
1166 2602 1306 2635 testudo
1330 2616 1376 2630 =
1398 2603 1425 2634 B
1439 2602 1497 2645 (ιε
1508 2609 1564 2634 te-

869 2647 976 2679 studi
988 2646 1019 2688 ο)
1043 2648 1288 2691 αεζηὲκρτυφψ
1308 2645 1368 2679 Pl.
1381 2643 1414 2678 4.
1439 2645 1514 2678 Col.
1533 2644 1565 2680 1

869 2692 903 2726 θῖ
925 2710 970 2715 -
991 2693 1055 2729 (ξῖ.
1125 2704 1166 2726 οπ
1184 2707 1230 2720 =
1248 2691 1388 2724 testudo
1419 2691 1559 2736 supina.

870 2737 901 2768 G
922 2751 967 2764 =
988 2747 1029 2768 su
1039 2749 1064 2781 p
1071 2749 1095 2781 p
1106 2738 1170 2770 ina
1195 2737 1346 2770 testudo.
1394 2735 1423 2767 R
1446 2745 1561 2767 corre—

868 2780 973 2814 ctiora
996 2793 1068 2813 cxx.
1089 2782 1181 2814 Pinc.
1207 2782 1234 2816 (ξ
1245 2800 1287 2807 --
1301 2782 1337 2816 Θ
1346 2795 1391 2808 =
1402 2780 1506 2827 supin
1516 2791 1564 2813 a·

867 2834 881 2859 t
891 2837 914 2859 a
952 2827 1102 2860 testudo.
1150 2825 1230 2862 21²2.
1252 2841 1299 2855 =
1318 2838 1339 2858 r
1347 2837 1366 2858 e
1376 2826 1504 2871 supina
1513 2832 1526 2858 t
1537 2835 1560 2857 a
